3400 5148
621 383 744 463 11101.
765 381 841 442 racc.
1327 376 1378 440 101

150 537 217 602 Nos
238 537 336 604 trater
349 537 467 610 Albero
489 540 588 602 abbas
608 543 757 620 totusque
779 543 956 601 conventus
977 537 1009 600 in
1033 536 1129 602 Porta
1149 547 1180 604 et
1195 541 1379 611 Eberharus

88 627 118 690 10
141 628 231 692 Salas
255 629 514 711 recognoscimus
540 636 571 693 et
594 628 795 712 presentibus
822 635 1034 711 protestamur
1062 647 1121 694 nos
1145 639 1247 696 ratam
1273 641 1304 700 et
1330 638 1378 699 in-

86 718 258 782 convulsam
285 725 437 802 perpetuo
463 724 645 782 servaturos
674 719 941 801 composicionem
963 717 1048 780 inter
1066 737 1125 782 nos
1147 721 1220 784 hiuo
1242 725 1317 788 iude
1339 727 1378 790 de

86 807 203 872 consilio
225 814 257 872 et
277 807 407 872 arbitrio
429 807 638 872 discretorum
661 809 802 870 virorum
818 805 1068 888 subscriptorum
1084 807 1378 897 dirersistempori-

87 895 135 960 bus
153 899 269 960 factam
291 903 323 962 et
342 899 472 962 nomino
493 898 684 980 landtgravii
705 898 916 978 conscriptam
937 899 971 958 in
993 898 1051 960 hec
1070 899 1181 964 verba:

151 987 188 1050 A.
217 987 269 1050 dei
295 987 396 1068 gratia
420 987 592 1070 Thuringie
619 986 838 1067 landtgravius
865 991 897 1048 et
922 984 1061 1062 Saxonis
1083 1007 1189 1054 comes
1210 993 1377 1074 palatinus.
1430 1053 1431 1059 ,

86 1075 238 1140 Universis
260 1077 341 1138 hano
360 1075 498 1140 litteram
519 1077 711 1159 inspecturis
732 1075 867 1139 salutem
892 1077 925 1138 in
953 1076 1089 1140 domiuo.
1131 1079 1287 1147 Norerint
1308 1089 1378 1150 uni·

85 1167 168 1244 rarsi,
201 1165 241 1228 ad
271 1184 408 1246 quorum
436 1166 586 1228 noticiam
615 1165 797 1248 pervenerit
817 1183 949 1248 presens
970 1168 1138 1250 scriptum,
1171 1173 1271 1252 quod,
1303 1195 1376 1240 eum

85 1254 253 1318 Eberherus
279 1255 319 1318 de
346 1253 437 1319 Salsa
464 1255 593 1318 nomine
619 1275 676 1318 suo
698 1262 730 1318 et
750 1254 943 1318 coheredum
966 1275 1098 1320 suorum
1119 1261 1262 1324 onmium
1283 1283 1379 1329 vene·

84 1345 224 1410 rabilibus
240 1345 387 1424 dominis,
409 1344 514 1408 abbati
536 1350 568 1406 et
588 1345 759 1408 conventui
780 1344 819 1408 de
831 1344 935 1420 Porta
954 1365 1050 1428 super
1070 1348 1206 1429 piscaria
1224 1352 1259 1413 in
1277 1353 1378 1418 ilario

84 1434 223 1498 l'ostrote
249 1436 342 1498 iuxta
370 1434 477 1498 Verhe
504 1439 536 1496 et
562 1433 672 1497 salicto
697 1433 878 1513 adiacente,
905 1435 939 1498 in
966 1437 1066 1498 vetari
1092 1438 1241 1503 videlieet
1265 1442 1378 1524 alpheo

83 1523 214 1586 ciusdem
239 1523 346 1601 ilarii,
378 1529 410 1588 et
437 1523 563 1587 duobus
589 1524 688 1606 pratis
715 1523 784 1586 sitis
812 1523 951 1606 inpage
978 1523 1210 1607 Stust'orderrsi,
1241 1549 1378 1611 quorum

84 1633 173 1676 unum
197 1615 231 1676 in
259 1633 293 1677 se
322 1615 396 1692 tria,
423 1613 560 1684 alterum
584 1618 731 1674 duodecim
758 1613 870 1695 iugera
894 1615 1036 1676 continet
1056 1614 1161 1680 debite
1186 1623 1379 1700 quantitatis,

83 1722 136 1782 que
167 1703 338 1786 aliquantis
365 1704 458 1767 annis
487 1703 620 1786 predicti
645 1703 765 1766 domini
797 1703 1004 1785 possederant
1038 1707 1170 1788 pacifice
1202 1716 1234 1772 et
1265 1713 1379 1792 quiete,

83 1793 336 1875 impedimentum
356 1793 553 1875 prestitisset
576 1793 658 1856 siout
678 1797 711 1854 et
731 1793 950 1874 progenitores
971 1795 1030 1872 sui,
1052 1796 1173 1860 scilicet
1196 1798 1379 1866 Eberherus

82 1900 152 1944 airus
178 1902 257 1946 suus
282 1889 314 1946 et
338 1881 545 1946 Eotehardus
571 1887 660 1964 pater
685 1881 754 1944 eius
779 1891 852 1946 ante
880 1901 954 1946 eum
980 1884 1134 1964 fecerant,
1163 1892 1196 1950 et
1220 1889 1280 1971 ipsi
1309 1911 1379 1973 pre·

83 1970 175 2034 dictos
199 1972 418 2055 progenitores
444 1971 546 2054 ipsius
574 1969 695 2053 pluries
716 1989 822 2032 coram
844 1972 963 2034 iudicio
991 1975 1125 2056 proinde
1146 1979 1379 2052 conuenissent

82 2062 274 2140 postmodum
301 2081 377 2126 vero
407 2067 438 2124 et
464 2061 525 2142 ipsi
546 2059 708 2124 Eberhero
737 2079 844 2124 coram
872 2063 1108 2130 venerabilibus
1140 2066 1224 2146 viris,
1250 2069 1379 2134 domino

81 2149 222 2214 Heinrieo
251 2151 373 2214 decano
398 2150 534 2231 chensi
561 2155 593 2213 et
613 2148 799 2212 Hermanno
828 2151 931 2232 priore
952 2151 1156 2233 Pusouiensi‚
1183 2157 1380 2224 iudicibuso

83 2239 149 2302 sede
179 2240 352 2324 apostohoa
383 2239 551 2322 delegatis,
583 2239 760 2302 movissent
786 2239 983 2320 aliquamdiu
1015 2245 1223 2323 questionem,
1251 2251 1378 2314 tandem

81 2327 282 2394 discretorum
314 2331 455 2393 rherum
482 2327 615 2392 consilio
642 2328 802 2392 mediante
830 2330 914 2394 inter
941 2337 1113 2414 utramque
1144 2343 1265 2417 partem
1296 2340 1381 2402 tacta

81 2418 136 2480 11111
158 2419 333 2482 amicabilis
358 2419 550 2502 composicio
575 2417 609 2480 in
635 2418 721 2480 hunc
753 2418 899 2497 modum,
933 2421 1018 2500 quod
1048 2425 1225 2488 secundum
1254 2429 1380 2491 ordina·

81 2509 195 2572 cionem
226 2508 433 2588 arbitrorum,
472 2507 620 2572 videlicet
649 2507 834 2571 Theoderici
868 2509 906 2573 de
939 2510 1115 2592 vigbeche,
1153 2513 1308 2580 Gisclhem'
1340 2521 1380 2584 dc

79 2595 263 2662 Thullestete
293 2599 449 2676 mihtum‚
484 2598 591 2660 fratris
621 2596 765 2660 Heiorioi
796 2598 836 2660 de
867 2598 1063 2678 Libenstete,
1100 2605 1206 2666 fratris
1237 2605 1379 2670 Heinrici

80 2688 213 2768 magistri
244 2689 276 2750 in
309 2687 413 2751 Vtere
444 2706 673 2750 conversorum
703 2687 742 2750 de
774 2687 883 2766 Porta,
918 2687 1048 2752 ludolfi
1087 2693 1125 2754 de
1163 2693 1380 2773 Stutirnhaim,

78 2773 214 2840 Heinrioi
246 2777 286 2840 de
316 2777 517 2859 (rr-truinges,
558 2775 743 2840 Theoderici
774 2777 869 2858 Meyli
908 2779 947 2841 de
981 2780 1200 2862 Wissensehe,
1235 2785 1379 2864 Heinrici

80 2865 210 2928 Sohalun
232 2867 272 2928 de
294 2866 510 2930 Ballenhusen
532 2865 668 2929 militum
690 2871 722 2930 et
739 2865 892 2931 Iohannis
920 2869 959 2932 de
981 2869 1123 2952 Sprecht,
1145 2873 1242 2936 abbas
1259 2883 1379 2938 01001-

82 2963 187 3018 ventus
208 2962 282 3018 ante
305 2955 381 3018 dieti
390 2955 553 3018 Eberhero
569 2956 711 3038 predicto
728 2963 760 3018 et
773 2958 984 3022 coheredibus
1005 2962 1072 3024 suis
1092 2963 1240 3028 omnibus
1260 2968 1380 3048 persol-

81 3052 188 3106 verunt
208 3044 405 3127 integraliter
426 3045 537 3108 decem
557 3063 682 3108 marcas
703 3048 826 3128 argenti
846 3056 877 3110 et
897 3049 1003 3131 ipsum
1024 3050 1222 3116 Eberherum
1240 3064 1271 3118 et
1286 3057 1380 3120 oche-

81 3133 165 3196 redes
185 3154 260 3198 suos
280 3141 313 3197 et
334 3153 430 3217 supra
452 3134 554 3196 dictos
573 3137 791 3217 progenitores
806 3137 907 3218 ipsius
923 3147 1112 3222 receperunt
1127 3143 1162 3206 in
1178 3147 1378 3210 consorcium

81 3221 276 3287 fraternitatis
304 3225 462 3307 ipsorum,
488 3225 692 3306 indulgentes
720 3225 855 3306 eisdem,
886 3230 1039 3310 quicquid
1070 3238 1181 3295 eontra
1212 3235 1379 3300 ecelesiam

81 3310 258 3378 Portensem
284 3313 524 3395 quomodolibet
551 3315 774 3396 deliquissent,
800 3326 832 3378 et
860 3316 1041 3392 Eberharus
1060 3327 1097 3384 et
1126 3322 1298 3387 coheredes
1330 3328 1380 3388 sui

81 3419 147 3483 sepe
173 3403 250 3466 dicti
279 3403 437 3467 dederunt
456 3404 562 3466 abbati
582 3411 614 3467 et
635 3407 807 3469 conventui
828 3409 958 3488 prelatis
980 3429 1073 3474 suum
1095 3409 1328 3495 beneplacitum
1349 3424 1381 3482 et

83 3508 276 3574 consensum,
299 3501 333 3556 nt
352 3494 528 3577 predictam
549 3495 718 3576 piscariam
739 3496 888 3571 subistis
910 3499 1063 3578 terminis,
1081 3501 1202 3565 scilicet
1224 3505 1379 3568 amolen-

80 3578 147 3642 dinc
166 3583 199 3644 in
209 3583 533 3648 Hantzsohusleuben
556 3602 657 3665 usque
678 3585 718 3648 ad
738 3589 881 3666 fossatum,
902 3594 977 3662 quod
997 3595 1099 3649 dicitur
1118 3597 1264 3652 debenda·
1285 3601 1381 3670 graba

79 3668 155 3732 inira
181 3671 289 3736 Vhera
317 3675 540 3752 constitutum,
569 3693 634 3736 una
659 3693 732 3736 oum
756 3675 865 3738 salicto
891 3683 923 3739 et
936 3679 1041 3759 pratis
1068 3699 1165 3762 supra
1192 3682 1285 3746 dictis
1305 3703 1380 3750 oum

81 3759 267 3836 quibuslibet
287 3762 478 3825 utilitatibus
499 3781 585 3825 nunc
607 3764 641 3825 in
663 3765 708 3826 eis
730 3765 955 3846 apparentibus
977 3768 1027 3830 vel
1045 3770 1078 3831 iu
1094 3788 1190 3834 erum
1208 3776 1379 3839 emersuris

79 3853 200 3914 teneant
228 3858 261 3915 et
288 3853 409 3934 quiete
424 3853 607 3935 possideant
633 3854 665 3915 in
693 3859 854 3934 eternum,
883 3859 1108 3922 renunciantes
1136 3863 1223 3924 omni
1257 3865 1320 3926 iuri
1348 3873 1380 3928 et

79 3939 171 4002 eciam
199 3943 331 4022 actioni,
360 3944 386 4005 si
416 3949 480 4024 q'ua
505 3943 541 4005 in
561 3939 654 4006 bonis
676 3941 827 4026 predictis
847 3945 924 4027 ipsis
946 3957 1075 4030 possent
1095 3961 1276 4036 competere
1300 3975 1378 4037 quo-

81 4044 137 4106 quo
157 4032 259 4094 modo.
292 4032 443 4097 Preterea
464 4033 640 4096 secundum
664 4035 900 4099 ordinacionem
923 4045 955 4099 et
969 4039 1206 4118 ¹diffinicionem
1224 4045 1379 4108 nobilium

81 4117 221 4198 virorum,
248 4125 374 4186 comitis
395 4123 547 4188 Friderici
568 4125 607 4187 de
629 4125 836 4208 Biohelingen
860 4129 1006 4210 senioris,
1033 4131 1217 4196 Theoderici
1241 4136 1280 4198 de
1304 4135 1379 4219 Vig-

80 4204 178 4290 beohe,
197 4211 382 4277 Theoderici
393 4214 610 4297 lewinheupt
630 4215 784 4278 Friderici
794 4217 833 4278 de
844 4217 1062 4300 Kindehusen,
1073 4229 1105 4283 et
1115 4225 1380 4304 ministeriahum

82 4294 200 4383 Bertogi
222 4302 357 4386 dapiferi
377 4305 417 4368 de
439 4303 645 4383 Sdhlatheim,
671 4310 780 4364 Lutolti
802 4313 836 4386 de
858 4313 1054 4383 Stuternheim,
1080 4317 1218 4373 Giselheri
1238 4327 1266 4376 et
1286 4321 1379 4376 fratris

82 4392 118 4444 sui
137 4393 287 4452 Hermanni
309 4399 406 4455 Stranz
427 4402 461 4456 de
482 4401 672 4472 Tullestetho,
702 4401 827 4456 Bertoldi
853 4405 1018 4460 vicedomini
1046 4407 1080 4461 de
1101 4408 1226 4480 Apolde,
1248 4406 1380 4470 Rudolfi

81 4475 116 4540 de
136 4480 241 4547 Varila
261 4490 294 4549 et
317 4487 442 4551 Alberti
469 4488 508 4552 de
534 4488 708 4571 Amsberg,
735 4509 831 4572 super
856 4510 966 4570 carisa,
990 4511 1059 4573 que
1077 4493 1161 4557 inter
1179 4497 1327 4561 abbatem
1348 4505 1379 4562 et

84 4580 266 4640 conventum
291 4597 365 4662 sepe
390 4580 491 4644 dictos
519 4599 561 4644 ex
590 4599 654 4643 una
680 4585 712 4642 et
732 4578 932 4646 Eberherum
961 4589 992 4646 et
1018 4584 1192 4650 coheredes
1213 4607 1288 4652 suos
1308 4609 1380 4674 pre-
