3402 5152
295 368 347 434 354
374 419 377 426 ι
666 373 897 440 Urlrundenbuolr
914 382 963 442 des
980 379 1108 444 Klosters
1125 377 1227 452 Plorte,

295 531 340 594 Ut
365 537 471 596 autem
499 531 613 597 firmus
635 542 667 598 et
688 537 899 602 inconvulsus
920 541 960 602 sit
981 540 1078 604 huius
1099 561 1154 624 per
1175 543 1283 606 omnia
1304 545 1394 606 tenor
1414 541 1502 624 facti,
1524 559 1582 626 pre·

295 629 416 685 sentem
438 624 574 687 litteram
591 644 685 708 super
698 648 733 692 eo
747 629 943 692 confectamb
965 630 1141 712 sigillorum
1155 638 1338 696 nostrorum
1353 633 1584 717 appensionibus

295 713 449 778 duximus
483 715 703 780 roborandam.
755 715 864 781 Huius
896 721 941 782 rei
974 727 1069 784 testes
1104 730 1181 786 sunt
1212 722 1362 786 dominus
1391 723 1585 788 Theodericus

293 803 449 886 plebanus
476 806 511 867 in
533 805 728 886 Libenstete,
757 806 918 872 Iohannes
948 810 1102 893 plebanus
1124 814 1156 875 in
1179 811 1421 894 Saxenhusem,
1450 813 1586 878 Albertus

294 893 449 976 plebanus
469 897 502 958 in
527 894 755 976 Luchtentalll,
776 898 945 964 Bertoldus
967 903 1119 966 scultetus
1143 903 1275 983 ibidem,
1303 903 1461 967 lohannes
1488 921 1588 986 cogno-
1689 899 1690 910 ‘

294 991 400 1047 mento
429 984 532 1048 Olane
557 988 591 1048 in
616 985 807 1070 Libenstete,
834 989 998 1054 Conradus
1027 1000 1236 1075 cognomento
1264 993 1381 1076 Stange
1409 993 1541 1058 ibideme
1563 999 1587 1056 ct

290 1083 388 1156 'quam
412 1077 518 1159 plures
539 1077 592 1140 alii
614 1077 676 1142 fide
697 1079 793 1161 digni.
834 1077 952 1144 Datum
981 1101 1065 1146 anno
1094 1083 1211 1147 domini
1236 1083 1328 1148 11Π1ο
1352 1085 1506 1163 secundo,
1533 1093 1589 1147 111

292 1163 442 1230 kalendas
464 1167 592 1250 Aprilis,

362 1281 579 1352 'cappilndorff
592 1283 623 1337 D
694 1275 828 1340 bfacetam
848 1285 877 1340 D
937 1286 1162 1342 ‘sachsinhuscn
1179 1289 1209 1342 D
1262 1280 1409 1344 “lutintal
1428 1291 1457 1344 D
1518 1289 1590 1344 ”Die
1688 1335 1690 1350 .

291 1362 384 1416 ὺοίάεπ
402 1363 495 1417 malea
514 1363 621 1433 Zeapea
638 1365 727 1432 fallen
745 1365 775 1419 D

291 1567 407 1649 1302.
433 1568 558 1670 spru
579 1568 616 1651 a.
645 1567 841 1652 suarem.
1255 1499 1257 1502 ¹
1508 1573 1591 1656 seu.
1688 1531 1690 1620 t

372 1702 510 1767 Konrod
532 1704 721 1769 &beniacan
732 1704 863 1770 Sualeclo
883 1706 1045 1784 belundet,
1069 1708 1145 1770 class
1166 1729 1200 1772 er
1213 1709 1246 1772 ia
1258 1709 1355 1790 Folpe
1373 1729 1432 1773 oon
1444 1707 1593 1774 Sebuldm
1689 1705 1690 1712 '

330 1793 388 1856 urit
408 1793 631 1876 Zcusfimmanp
657 1796 760 1858 selaeu·
786 1795 886 1859 Stilone
906 1797 970 1860 clos
994 1797 1182 1878 Vopteirecbt
1211 1799 1286 1862 iiber
1312 1803 1398 1882 12¹2,
1423 1799 1535 1882 Hersen
1563 1800 1591 1860 ia

330 1881 508 1968 Reisdorf,¹
529 1887 589 1950 das
610 1906 643 1948 er
664 1906 730 1948 com
749 1883 997 1950 Nonaenlrlosler
1014 1888 1050 1950 ia
1063 1887 1278 1970 Qaedlinburp
1298 1909 1339 1954 zu
1356 1889 1462 1953 Lelcen
1482 1889 1593 1970 peluobl,
1688 1885 1690 2012 1

329 1991 373 2034 aa
395 1975 455 2038 das
475 1975 602 2040 Kloster
624 1975 732 2056 Psorle
752 1977 809 2058 fiir
830 1977 987 2041 45Marlr
1008 1979 1156 2062 ombaufl
1174 1981 1260 2044 habe.
1313 1981 1378 2061 Vpl.
1401 1979 1461 2046 Nc.
1479 1985 1552 2046 366.

441 2105 575 2160 liderla:
598 2103 672 2156 D53
691 2105 742 2172 (tit.
755 2101 1017 2174 Quodlingenburg)
1035 2105 1095 2158 arad
1112 2107 1258 2174 aoclrmals,
1282 2107 1345 2160 aber
1363 2107 1412 2160 mit
1430 2106 1594 2175 Karzunpm

490 2186 541 2239 109
560 2184 612 2252 (uit.
623 2181 828 2254 Rudigistorfl).
857 2184 882 2236 Τ
894 2186 952 2242 119.

1688 1227 1690 1300 1

1687 1385 1690 1470 l

1688 1621 1690 1698 l

440 2282 567 2336 nucu.-
591 2281 714 2348 apum,
738 2281 849 2334 aarum
867 2281 914 2334 aer
933 2282 1101 2354 suatum
1121 2289 1170 2354 ra·
1189 2287 1282 2354 191311
1299 2303 1327 2338 a.
1347 2284 1482 2339 maur.
1500 2284 1548 2350 rr,
1568 2285 1601 2336 ae
1689 2259 1690 2284 ³

490 2363 622 2416 aaran:
648 2363 732 2429 Wuff
745 2361 789 2430 rr,
806 2365 867 2417 279.

369 2485 435 2552 Nos
458 2487 622 2550 Conradus
643 2488 793 2569 pincerna
814 2487 852 2548 de
874 2486 1007 2550 Salekke
1027 2493 1138 2550 notum
1161 2507 1229 2551 esse
1249 2487 1414 2550 volumus³
1437 2488 1597 2562 omnibus,

289 2579 329 2644 ad
350 2599 485 2662 quorum
510 2597 625 2641 manus
645 2579 824 2659 pervenerit
844 2597 974 2660 presens
996 2581 1157 2663 scriplum,
1179 2580 1272 2662 quod,
1293 2599 1364 2642 curn
1382 2581 1466 2662 apud
1478 2577 1592 2656 ludeos
1688 2583 1689 2592 ’

207 2666 209 2679 '
288 2673 377 2754 gravi
406 2669 583 2734 debitorum
609 2687 704 2732 onere
729 2668 954 2750 obligaremur,
991 2671 1158 2733 accedente
1184 2688 1344 2732 consensu
1375 2668 1510 2731 Conradi
1547 2687 1595 2730 ca·

288 2761 395 2824 nonioi
416 2757 698 2840 Nuenbuugensis,
724 2756 868 2819 Heinriol
896 2759 929 2819 in
952 2757 1137 2842 Vizenburg
1162 2765 1194 2822 et
1217 2757 1342 2822 Rvdolfi
1371 2759 1514 2838 iunioris,
1536 2757 1593 2820 lili-

290 2870 380 2914 orum
412 2855 607 2928 nostrorum,
636 2848 838 2911 vendidimus
869 2849 920 2910 ius
949 2848 1111 2912 advocatie
1136 2849 1169 2911 in
1196 2847 1477 2931 Rvdingesdorph²
1504 2865 1600 2930 super
1687 2889 1688 2898 1

288 2952 345 3005 XII
368 2942 486 3003 mansis
509 2945 539 3001 et
562 2937 705 3016 dimidio,
727 2957 821 3020 quam
846 2938 1040 3000 advocatiam
1064 2959 1082 3001 a
1103 2939 1232 3001 domina
1253 2937 1413 3001 abbatissa
1433 2938 1471 3001 de
1494 2937 1598 3012 Quad-

288 3028 480 3114 lingenburg
500 3027 663 3091 feodaliter
684 3029 856 3104 tenuimus,
878 3028 1005 3090 domino
1025 3028 1131 3091 abbati
1149 3031 1183 3090 in
1195 3027 1290 3090 Porta
1304 3048 1359 3111 pro
1377 3023 1617 3102 113111111τοί1,Ι

289 3141 385 3204 quam
410 3139 568 3183 summam
592 3119 675 3181 idem
698 3119 847 3181 dominus
868 3117 966 3181 abbas
987 3138 1043 3202 pro
1067 3117 1239 3182 nobishoc
1262 3117 1355 3181 modo
1378 3118 1484 3196 solvit,
1514 3116 1599 3178 vide·
1686 3143 1687 3164 2

288 3212 361 3275 licet
382 3213 416 3273 in
426 3209 455 3272 N
459 3209 605 3291 uenburg
626 3217 794 3294 xmaroas
816 3210 847 3270 in
864 3207 1078 3283 Querenforde
1099 3210 1183 3291 apud
1201 3207 1317 3295 ludeos
1335 3217 1458 3272 1111Χὸ1*
1468 3225 1602 3282 marcas,

288 3307 383 3385 prout
411 3299 472 3362 sibi
498 3320 517 3362 a
545 3298 638 3362 nobis
664 3299 767 3361 fuerat
796 3299 1005 3382 designatum.
1053 3299 1133 3362 Cum
1163 3301 1262 3382 igitur
1289 3301 1357 3382 ipsa
1383 3299 1531 3382 pecunia,
1566 3303 1600 3358 ut

288 3393 498 3475 prescriptum
526 3395 587 3470 est,
613 3409 705 3454 versa
734 3391 775 3452 sit
802 3389 922 3452 utiliter
942 3391 976 3452 in
998 3409 1065 3453 rem
1086 3395 1242 3472 nostram,
1268 3409 1328 3452 nos
1346 3390 1599 3452 vicissitudinem
1685 3399 1686 3404 ’

289 3483 460 3567 rependere
484 3487 515 3544 et
531 3481 693 3543 Portensis
716 3479 847 3544 ecclesie
868 3481 1046 3563 periculum
1069 3499 1236 3562 precavere
1261 3479 1401 3543 volentes
1422 3481 1524 3562 ipsam
1546 3477 1600 3540 ad-

291 3574 443 3637 vocatiam
465 3571 625 3636 venditam
647 3590 720 3634 cum
743 3572 836 3633 omni
853 3571 988 3634 utilitate
1010 3577 1041 3634 et
1060 3573 1167 3634 fructu
1190 3572 1318 3634 domino
1340 3569 1446 3633 abbati
1468 3567 1599 3632 liberam

289 3664 530 3746 resignavimus,
551 3661 626 3724 filiis
648 3663 765 3724 nostris
786 3660 828 3740 O,
849 3660 890 3723 Η.
912 3667 942 3724 et
957 3660 994 3726 R.
1017 3682 1113 3745 supra
1135 3663 1260 3745 scriptis
1281 3661 1427 3726 similiter
1448 3661 1509 3723 iuri
1532 3679 1603 3734 suo,

289 3756 373 3838 quod
405 3755 450 3815 eis
479 3759 644 3836 conpetere
675 3753 844 3834 potuisset,
873 3751 1193 3832 abrenuntiantibus,
1223 3751 1320 3814 nichil
1355 3752 1434 3814 iuris
1470 3767 1527 3812 nec
1565 3750 1598 3810 in

288 3847 409 3909 mansis
440 3863 498 3906 neo
529 3845 560 3906 in
594 3842 756 3904 advocatia
783 3841 877 3904 nobis
902 3842 1050 3926 deinceps
1076 3849 1282 3906 reservantes
1333 3841 1374 3906 Ut
1401 3843 1498 3924 igitur
1521 3859 1601 3902 con·

289 3943 407 4000 tractus
435 3936 528 3997 istius
554 3933 639 3995 modi
668 3932 766 3995 robur
794 3932 954 3996 firmitatis
983 3935 1139 4013 obtineat,
1170 3953 1228 3996 nos
1256 3940 1433 4016 presentem
1461 3933 1597 3994 litteram

289 4046 384 4109 super
415 4045 451 4088 eo
480 4023 656 4086 confectam
684 4023 797 4104 sigillis
824 4026 968 4104 nostrol,
997 4024 1138 4087 Heinrici
1170 4024 1227 4086 filii
1258 4025 1373 4104 nostri,
1404 4021 1529 4086 Rudolfi
1562 4022 1603 4082 do

288 4115 462 4197 Dornburg
490 4113 650 4178 fratruelis
682 4115 797 4190 nostri,
830 4115 904 4175 item
936 4115 1070 4177 Conradi
1097 4117 1136 4178 de
1161 4113 1284 4177 Nebere
1313 4113 1471 4177 fratruelis
1496 4111 1599 4174 nostri

290 4227 345 4290 pro
368 4207 547 4269 testimonio
569 4205 723 4267 duximus
744 4203 963 4266 roborandam.
1007 4207 1086 4268 Acta
1111 4211 1188 4269 sunt
1210 4205 1267 4268 heo
1287 4205 1321 4265 in
1342 4213 1445 4266 castro
1465 4200 1603 4266 Salelrlre

288 4317 371 4362 anno
400 4296 520 4359 domini
549 4304 778 4373 ll⁰COO⁰ll⁰⁶,
804 4303 867 4356 111⁰
887 4313 989 4357 nonas
1012 4295 1141 4378 Aprilis.
1188 4294 1298 4358 Huius
1325 4295 1370 4356 rei
1396 4301 1491 4358 testes
1517 4300 1602 4354 sunt
1669 4318 1673 4327 ·

289 4387 438 4450 dominus
462 4384 539 4466 Tylo
566 4384 722 4469 plebanus
750 4384 783 4444 in
817 4381 1029 4466 uuernforde,
1057 4384 1264 4448 Hermannus
1296 4383 1335 4446 de
1363 4383 1534 4447 Schafstete
1570 4386 1604 4444 et

288 4478 475 4540 Guntberus
495 4477 590 4538 frater
611 4477 688 4552 eius,
716 4473 782 4536 Tilo
803 4473 842 4536 de
860 4474 1139 4556 Amalungesdorf,
1164 4475 1299 4538 quenis
1321 4475 1360 4538 de
1380 4473 1541 4558 Heringen
1568 4479 1602 4534 et

289 4587 384 4653 quum
406 4567 513 4650 plures
535 4567 588 4629 alii
609 4565 670 4628 fide
693 4565 788 4645 digni.
