3390 5148
631 389 680 448 m.
694 393 753 446 aaa.
773 391 849 446 mn.
1334 389 1386 476 aaa

230 541 365 602 aaran:
385 543 429 601 Or.
444 543 519 613 Pup.
547 543 621 598 moa
637 543 682 611 Sp.
699 541 762 597 abad
780 543 935 612 sepefane.
959 541 1077 612 lamas,
1098 542 1331 601 Ratlrabibliotlrelr.
1352 573 1385 582 —

279 625 309 678 D
325 627 361 680 21
379 621 628 692 (titssorscndorl).
660 623 758 678 Tam.

229 729 355 784 Dante.-
373 729 512 799 nunna,
531 729 598 787 Rell.
606 745 653 784 mc.
663 729 706 794 11,
722 733 784 784 236.
814 727 1068 782 amnesamnes
1085 728 1110 794 Ι,
1128 732 1189 782 2³0.
1225 728 1387 794 nicanora,

280 810 366 868 (ialal.
385 811 442 864 libr.
462 826 509 865 aas.
527 809 589 864 bibl.
607 816 690 866 acaci.
711 809 786 876 Dipa
804 812 865 862 237.
901 807 1034 862 Deataclr:
1060 808 1143 876 Wolff
1160 808 1208 873 ΙΙ,
1239 812 1298 862 168.
1333 808 1386 878 Vpl.

279 890 393 944 Partucla
417 889 446 954 1,
472 893 531 946 115.
572 887 834 942 Bartsch-Sebatum
860 887 888 952 I,
916 891 956 942 75.
999 888 1139 957 Sclnlttpcn
1164 891 1220 942 121.
1264 888 1387 956 Lepcim,

281 969 390 1023 Rainen
408 968 434 1025 d.
454 965 622 1036 Rauennam
639 969 681 1020 22.
719 983 740 1019 c.
760 965 907 1034 Scbmrbcrp
926 969 985 1020 156.

160 1073 327 1139 Universis
349 1073 465 1136 Christi
486 1072 637 1136 fidelibus
662 1072 695 1133 in
722 1076 919 1155 perpetuum.
961 1070 1102 1136 Dubium
1124 1092 1190 1136 non
1212 1081 1260 1137 est
1281 1075 1387 1137 omnia

90 1165 222 1243 omnino,
251 1183 313 1246 que
335 1171 422 1228 recto
443 1169 599 1246 gerunttn
619 1161 767 1233 consilio,
795 1161 864 1224 iure
890 1162 1068 1243 meritoque
1096 1163 1213 1226 effectu
1236 1167 1268 1226 et
1288 1163 1387 1226 firmi-

89 1262 145 1317 tate
164 1255 234 1334 niti,
260 1260 309 1318 set
329 1260 480 1335 vergente
508 1253 540 1314 in
564 1253 688 1316 senium
710 1251 811 1316 seculi
832 1251 1012 1335 corruptela
1034 1271 1075 1316 ex
1096 1251 1266 1335 fragilitate
1288 1254 1387 1316 nostri

89 1345 244 1426 temporis,
271 1344 309 1406 ad
339 1361 419 1424 quos
446 1343 529 1406 fines
556 1343 656 1425 ipsius
684 1342 783 1406 seculi
812 1341 1023 1421 devenerunt,
1045 1345 1154 1405 nostra
1175 1361 1249 1426 sepe
1271 1342 1388 1406 labitur

88 1444 115 1495 et
135 1438 304 1496 evacuatur
325 1433 478 1496 memoria
498 1438 530 1494 et
550 1432 709 1494 humanus
729 1433 915 1513 frequenter
941 1431 1051 1494 deficit
1073 1431 1263 1495 intellectus.
1307 1431 1386 1495 Inde

87 1531 145 1602 est,
171 1523 256 1604 quod
280 1529 436 1586 retroacta
461 1523 589 1604 negotia
610 1521 707 1586 semel
730 1521 835 1584 decisa
858 1541 894 1583 ac
917 1519 1069 1603 legittime
1092 1520 1241 1600 diffinita,
1269 1540 1309 1585 ne
1331 1520 1387 1583 ali-

88 1614 172 1676 cuius
208 1613 358 1696 deinceps
394 1612 584 1696 suspicionis
619 1611 670 1675 vel
707 1611 913 1674 dubitationis
944 1611 975 1672 in
1008 1611 1085 1693 ipsis
1117 1610 1256 1674 residere
1287 1611 1387 1694 possit

87 1705 216 1781 occasio,
247 1703 366 1786 patenti
388 1703 495 1766 tbomo
527 1708 559 1764 et
585 1701 772 1765 fidelissimo
800 1701 953 1784 scripture
981 1700 1160 1762 testimonio
1188 1700 1384 1763 muniuntur.

88 1791 211 1876 Propter
237 1793 322 1874 quod
350 1812 408 1876 ego
432 1792 627 1874 Beringerus
653 1791 745 1854 miles
767 1791 870 1854 dictus
891 1789 931 1852 de
953 1789 1096 1853 Brisenin
1117 1789 1223 1852 littera
1244 1789 1382 1872 presenti

88 1888 233 1964 protestor
253 1883 414 1946 universis
436 1901 472 1944 ac
493 1880 818 1964 omnibus-significo,
839 1880 925 1961 quod
946 1879 1029 1941 bona
1050 1879 1110 1941 sita
1130 1877 1254 1940 invilla
1270 1877 1383 1942 Grovt·

87 1973 174 2036 sena1
201 1973 298 2051 dicta,
324 1977 465 2035 montem
493 1991 594 2034 unum
623 1989 695 2033 cum
725 1970 827 2034 tribus
855 1969 958 2032 vineis
985 1969 1017 2031 in
1043 1967 1155 2032 eodem
1176 1971 1284 2032 monte
1306 1968 1383 2046 sitis,

87 2081 151 2124 cum
177 2069 244 2126 orto
273 2060 398 2124 humuli
425 2061 567 2124 eiusdem
598 2061 729 2138 montis,
756 2079 828 2122 cum
856 2060 997 2140 quinque
1019 2059 1116 2136 areis,
1144 2076 1217 2120 cum
1239 2058 1383 2140 piscaria,

87 2171 142 2232 que
167 2152 259 2216 durat
284 2161 315 2214 et
342 2151 470 2214 ducitur
498 2171 516 2213 a
544 2149 623 2213 vado
645 2150 694 2213 vel
716 2150 799 2229 loco,
821 2149 876 2230 qui
898 2148 1014 2211 dicitur
1035 2145 1254 2229 Diiesphorth‚
1280 2165 1383 2228 usque

86 2241 119 2303 ad
146 2241 252 2304 villam
279 2239 444 2316 Studeniz,
471 2260 543 2303 cum
571 2239 681 2302 salicto
709 2239 875 2322 elingere
902 2239 942 2300 ad
970 2238 1070 2320 ipsam
1097 2237 1265 2319 piscariam
1287 2237 1383 2319 perti·

87 2329 240 2402 nantibus,
276 2329 413 2393 insulam
445 2331 538 2393 etiam
571 2335 602 2393 et
628 2329 775 2394 salictum
801 2331 896 2393 situm
923 2327 982 2392 sub
1008 2332 1116 2390 monte
1139 2324 1310 2407 Sybotonis
1338 2327 1383 2389 sic

86 2419 175 2500 dicto,
207 2441 282 2484 cum
321 2422 406 2483 omni
443 2421 528 2499 iure,
566 2425 721 2503 proventu
753 2425 786 2484 at
817 2419 951 2482 utilitate
984 2416 1113 2482 vendidi
1145 2435 1229 2478 anno
1261 2415 1383 2478 domini

86 2519 319 2589 n⁰cc⁰nxmn
340 2511 374 2573 in
393 2511 443 2574 die
466 2509 632 2574 beatorum
654 2510 869 2593 apostolorum
881 2508 967 2572 Petri
988 2513 1019 2570 et
1031 2506 1121 2570 Pauli
1144 2506 1262 2570 domno
1277 2504 1384 2568 abbati

85 2613 114 2662 et
131 2601 261 2666 ecclesie
277 2600 424 2664 Portensi
446 2599 676 2682 Cysterciensis
698 2599 827 2673 ordinis,
848 2597 1112 2680 Nuenbnrgensis
1134 2595 1289 2676 dyocesis,
1310 2613 1384 2658 cum

85 2707 234 2756 consensu
261 2699 294 2754 et
318 2691 523 2754 corsniventia
552 2689 706 2754 heredum
734 2707 880 2752 meorum
908 2706 964 2771 pro
994 2691 1122 2758 centum
1151 2684 1383 2767 quinquaginta

85 2782 191 2844 marcis
221 2781 360 2864 argenti,
392 2799 471 2862 quas
505 2799 555 2843 me
584 2780 686 2844 fateor
713 2777 752 2842 ab
779 2779 847 2862 ipsa
876 2776 1011 2842 ecclesia
1031 2775 1204 2858 recepisse,
1235 2780 1267 2838 et
1287 2791 1383 2856 super

85 2868 230 2954 dampnis,
252 2889 314 2952 quc
337 2889 378 2934 ex
400 2869 552 2934 dilatione
573 2868 740 2932 solutionis
761 2867 895 2951 predicti
917 2867 1039 2950 argenti
1058 2864 1184 2950 pertuli,
1205 2862 1383 2928 secundum

85 2959 241 3024 arbitrium
268 2960 478 3024 discretorum
501 2959 658 3035 virorum,
683 2958 793 3021 domni
812 2957 968 3022 Guntheri
990 2956 1029 3020 de
1050 2955 1207 3032 Bunowe,
1237 2952 1382 3018 Heim'ici

85 3047 118 3112 de
142 3049 364 3116 Scouenberch
390 3054 422 3113 et
447 3048 572 3112 ailberti
600 3048 639 3112 de
660 3047 838 3130 llemingin
863 3046 1014 3124 militum,
1037 3064 1116 3126 quos
1138 3062 1179 3107 ex
1202 3048 1290 3127 parte
1311 3061 1383 3106 mea

84 3135 113 3198 in
141 3139 274 3202 arbitros
305 3157 553 3221 assumpseram,
583 3143 615 3200 et
639 3136 772 3200 Volradi
802 3137 840 3200 de
867 3135 959 3214 Rolz,
989 3133 1175 3198 Tbeoderici
1200 3132 1239 3196 de
1265 3131 1382 3196 Leston

84 3227 210 3293 militum
238 3239 269 3292 et
293 3227 438 3292 Heinrici
466 3228 506 3292 de
533 3226 722 3304 Rosinhain,
753 3245 833 3307 quos
861 3224 996 3290 ecclesia
1030 3243 1104 3306 sepe
1133 3222 1218 3286 dicta
1243 3222 1319 3285 item
1348 3222 1382 3284 in

84 3315 208 3382 arbitros
230 3324 452 3401 assumpserat,
473 3335 558 3380 anno
580 3315 700 3380 domini
716 3323 973 3394 memmium,
994 3315 1027 3375 in
1048 3312 1156 3394 vigilia
1176 3310 1268 3375 beate
1281 3309 1381 3374 Maris

83 3403 260 3490 Magdalene
290 3427 414 3472 summa
447 3407 557 3472 decem
589 3424 768 3469 marcarum
798 3405 921 3488 argenti
952 3403 1048 3466 michi
1077 3402 1274 3466 sadsiactum
1302 3418 1381 3464 esse.

84 3499 169 3562 Anno
205 3503 311 3562 autem
351 3497 472 3560 domini
507 3495 626 3560 ΜΟΟΟο
637 3497 773 3560 LXV1H⁰
806 3495 884 3558 item
920 3491 1071 3557 vendidi²
1108 3490 1243 3554 ecclesie
1275 3491 1382 3573 sepius

83 3593 244 3652 memorate
266 3605 324 3652 sex
345 3588 456 3668 iugera
478 3587 538 3650 sita
557 3587 649 3650 iuxta
664 3584 774 3648 villam
785 3583 998 3667 Doriudorph,
1019 3587 1089 3644 octo
1114 3581 1253 3644 arcasin
1269 3578 1382 3644 eadem

83 3674 151 3738 villa
179 3681 211 3740 et
240 3695 358 3740 norem
390 3676 499 3739 vineas
529 3675 572 3737 in
597 3678 704 3738 monte
737 3674 836 3736 reteri
865 3673 909 3735 sic
938 3671 1022 3734 dicto
1051 3677 1083 3732 et
1112 3669 1218 3752 ipsum
1239 3673 1379 3732 montem

82 3763 231 3848 integrum
259 3785 334 3829 cum
359 3765 505 3828 frutectis
532 3771 564 3828 et
589 3765 674 3826 omni
702 3763 837 3827 utilitate
860 3781 947 3826 nunc
967 3762 1001 3824 in
1021 3779 1059 3824 eo
1082 3762 1253 3841 apparente
1274 3757 1327 3822 vel
1346 3758 1381 3820 in

82 3871 169 3919 evum
189 3855 429 3938 quomodolibet
450 3873 613 3919 emersura
634 3873 690 3936 pro
712 3853 873 3935 octoginta
894 3851 995 3914 tribus
1016 3847 1132 3910 marcis
1146 3848 1279 3930 argenti,
1301 3863 1381 3928 quas

81 3961 129 4007 me
147 3945 246 4010 iateor
266 3944 465 4027 integraliter
485 3944 643 4026 recepisse
662 3943 730 4008 sine
753 3942 900 4024 dampno.
932 3940 1023 4004 Bona
1039 3944 1144 4001 autem
1162 3937 1270 4000 omnia
1285 3954 1382 4020 supra

82 4031 158 4098 dicta
177 4036 345 4117 utriusque
367 4035 535 4118 emptionis
557 4033 656 4116 optuli
673 4051 769 4116 super
784 4051 944 4096 summum
961 4031 1059 4094 altare
1070 4025 1380 4092 Portensisecclesie

81 4128 111 4184 et
129 4123 300 4189 contradidi
322 4130 355 4188 et
376 4124 576 4207 appropriari
598 4141 671 4186 cunr
693 4123 779 4186 omni
801 4122 880 4195 iure,
902 4119 1051 4196 dominio,
1072 4121 1230 4199 proventu
1249 4123 1281 4179 et
1296 4114 1381 4178 utili-

82 4219 139 4276 tate
166 4215 268 4280 cidem
300 4215 433 4278 ecclesie
460 4218 614 4297 perpetuo
640 4210 840 4296 possidenda.
889 4208 941 4272 Ad
970 4208 1066 4271 huius
1094 4207 1141 4268 rei
1163 4206 1379 4269 testimonium

81 4311 249 4382 presentem
270 4304 408 4368 litteram
431 4303 535 4386 sigillo
558 4322 628 4367 meo
650 4308 682 4366 et
700 4300 804 4384 sigillo
826 4300 1001 4364 amicorum
1021 4315 1167 4360 meorum
1182 4295 1222 4358 dc
1237 4293 1380 4360 Bunowe

80 4392 202 4474 sigillari
223 4395 301 4474 ieci,
327 4399 363 4458 ut
389 4414 431 4459 ex
454 4395 515 4459 hoc
540 4395 580 4457 sit
605 4394 703 4455 vivax
730 4391 884 4456 memoria
910 4395 942 4452 et
967 4385 1147 4471 perhennis.
1189 4383 1273 4448 Data
1292 4383 1379 4448 Kan-

81 4479 173 4548 burhc
193 4503 277 4549 anno
300 4485 422 4548 domini
442 4482 489 4548 M⁰
501 4481 704 4562 GO⁰LXX⁰L
731 4481 833 4566 pridie
853 4479 1007 4543 kalendas
1027 4476 1180 4558 Augusti,
1205 4473 1379 4537 indictione

82 4573 184 4636 1111Ιὲ3
224 4573 331 4638 Huius
359 4575 406 4637 rei
432 4579 528 4636 testes
551 4579 626 4636 sunt
645 4571 862 4654 conpositores
884 4567 1066 4632 amicabiles
1089 4582 1186 4648 supra
1206 4563 1291 4645 dicti,
1311 4561 1378 4626 nn-
