<?xml version="1.0" encoding="UTF-8"?>
<!DOCTYPE html PUBLIC "-//W3C//DTD XHTML 1.0 Transitional//EN"
    "http://www.w3.org/TR/xhtml1/DTD/xhtml1-transitional.dtd">
<html xmlns="http://www.w3.org/1999/xhtml" xml:lang="en" lang="en">
 <head>
  <title>
</title>
<meta http-equiv="Content-Type" content="text/html;charset=utf-8" />
  <meta name='ocr-system' content='tesseract 3.04.00' />
  <meta name='ocr-capabilities' content='ocr_page ocr_carea ocr_par ocr_line ocrx_word'/>
</head>
<body>
  <div class='ocr_page' id='page_1' title='image "./urkundenbuchdes00pforgoog_0487.png"; bbox 0 0 3506 5148; ppageno 0'>
   <div class='ocr_carea' id='block_1_1' title="bbox 653 388 1454 450">
    <p class='ocr_par' dir='ltr' id='par_1_1' title="bbox 653 388 1454 450">
     <span class='ocr_line' id='line_1_1' title="bbox 653 388 1454 450; baseline 0.002 -4"><span class='ocrx_word' id='word_1_1' title='bbox 653 389 859 448; x_wconf 58' lang='lat' dir='ltr'>araas-487.</span> <span class='ocrx_word' id='word_1_2' title='bbox 880 388 956 450; x_wconf 79' lang='lat'>1319.</span> <span class='ocrx_word' id='word_1_3' title='bbox 1401 389 1454 448; x_wconf 79' lang='lat'>453</span> 
     </span>
    </p>
   </div>
   <div class='ocr_carea' id='block_1_2' title="bbox 140 539 1455 3325">
    <p class='ocr_par' dir='ltr' id='par_1_2' title="bbox 140 539 1455 3232">
     <span class='ocr_line' id='line_1_2' title="bbox 150 539 1455 625; baseline 0.004 -21"><span class='ocrx_word' id='word_1_4' title='bbox 150 539 343 623; x_wconf 78' lang='lat' dir='ltr'><strong>profectibus</strong></span> <span class='ocrx_word' id='word_1_5' title='bbox 372 542 479 606; x_wconf 84' lang='lat' dir='ltr'>divina</span> <span class='ocrx_word' id='word_1_6' title='bbox 508 547 693 625; x_wconf 78' lang='lat' dir='ltr'>cooperante</span> <span class='ocrx_word' id='word_1_7' title='bbox 724 542 890 607; x_wconf 89' lang='lat' dir='ltr'>clementia</span> <span class='ocrx_word' id='word_1_8' title='bbox 922 541 1090 606; x_wconf 86' lang='lat' dir='ltr'>salubriter</span> <span class='ocrx_word' id='word_1_9' title='bbox 1117 543 1330 607; x_wconf 78' lang='lat' dir='ltr'><strong>intendamus,</strong></span> <span class='ocrx_word' id='word_1_10' title='bbox 1372 545 1455 610; x_wconf 83' lang='lat' dir='ltr'>Sane</span> 
     </span>
     <span class='ocr_line' id='line_1_3' title="bbox 149 631 1454 703; baseline 0.002 -9"><span class='ocrx_word' id='word_1_11' title='bbox 149 632 335 694; x_wconf 87' lang='lat' dir='ltr'>dilectorum</span> <span class='ocrx_word' id='word_1_12' title='bbox 363 631 500 696; x_wconf 91' lang='lat' dir='ltr'>filiorum</span> <span class='ocrx_word' id='word_1_13' title='bbox 530 632 651 696; x_wconf 89' lang='lat' dir='ltr'>abbatis</span> <span class='ocrx_word' id='word_1_14' title='bbox 677 639 708 695; x_wconf 89' lang='lat' dir='ltr'>et</span> <span class='ocrx_word' id='word_1_15' title='bbox 735 642 911 696; x_wconf 87' lang='lat' dir='ltr'>conventus</span> <span class='ocrx_word' id='word_1_16' title='bbox 939 635 1121 703; x_wconf 80' lang='lat' dir='ltr'>monasterii</span> <span class='ocrx_word' id='word_1_17' title='bbox 1153 633 1191 695; x_wconf 92' lang='lat' dir='ltr'>de</span> <span class='ocrx_word' id='word_1_18' title='bbox 1225 633 1318 696; x_wconf 89' lang='lat' dir='ltr'>Porta</span> <span class='ocrx_word' id='word_1_19' title='bbox 1340 633 1454 698; x_wconf 82' lang='lat' dir='ltr'>Cister-</span> 
     </span>
     <span class='ocr_line' id='line_1_4' title="bbox 149 720 1454 807; baseline 0.003 -23"><span class='ocrx_word' id='word_1_20' title='bbox 149 723 265 784; x_wconf 89' lang='lat' dir='ltr'>ciensis</span> <span class='ocrx_word' id='word_1_21' title='bbox 286 720 419 802; x_wconf 83' lang='lat' dir='ltr'>ordinis,</span> <span class='ocrx_word' id='word_1_22' title='bbox 440 721 703 805; x_wconf 85' lang='lat' dir='ltr'>Nuenburgensis</span> <span class='ocrx_word' id='word_1_23' title='bbox 724 724 868 800; x_wconf 90' lang='lat' dir='ltr'>diocesis,</span> <span class='ocrx_word' id='word_1_24' title='bbox 888 725 1115 806; x_wconf 81' lang='lat' dir='ltr'>conquestione</span> <span class='ocrx_word' id='word_1_25' title='bbox 1136 725 1348 806; x_wconf 87' lang='lat' dir='ltr'>percepimus,</span> <span class='ocrx_word' id='word_1_26' title='bbox 1369 726 1454 807; x_wconf 93' lang='lat' dir='ltr'>qnod</span> 
     </span>
     <span class='ocr_line' id='line_1_5' title="bbox 151 811 1453 895; baseline 0.002 -21"><span class='ocrx_word' id='word_1_27' title='bbox 151 811 297 874; x_wconf 87' lang='lat' dir='ltr'>nonnulli</span> <span class='ocrx_word' id='word_1_28' title='bbox 320 811 514 874; x_wconf 85' lang='lat' dir='ltr'>venerabiles</span> <span class='ocrx_word' id='word_1_29' title='bbox 534 812 646 875; x_wconf 87' lang='lat' dir='ltr'>fratres</span> <span class='ocrx_word' id='word_1_30' title='bbox 668 814 766 874; x_wconf 84' lang='lat' dir='ltr'>nostri</span> <span class='ocrx_word' id='word_1_31' title='bbox 785 813 921 895; x_wconf 88' lang='lat' dir='ltr'>episcopi</span> <span class='ocrx_word' id='word_1_32' title='bbox 945 812 1104 893; x_wconf 89' lang='lat' dir='ltr'>ceterique</span> <span class='ocrx_word' id='word_1_33' title='bbox 1124 813 1326 874; x_wconf 86' lang='lat' dir='ltr'>ecclesiarum</span> <span class='ocrx_word' id='word_1_34' title='bbox 1344 815 1453 894; x_wconf 88' lang='lat' dir='ltr'>prelati</span> 
     </span>
     <span class='ocr_line' id='line_1_6' title="bbox 150 901 1455 984; baseline 0.002 -20"><span class='ocrx_word' id='word_1_35' title='bbox 150 923 185 964; x_wconf 89' lang='lat' dir='ltr'>ac</span> <span class='ocrx_word' id='word_1_36' title='bbox 221 901 325 964; x_wconf 89' lang='lat' dir='ltr'>clerici</span> <span class='ocrx_word' id='word_1_37' title='bbox 358 907 390 966; x_wconf 94' lang='lat' dir='ltr'>et</span> <span class='ocrx_word' id='word_1_38' title='bbox 418 902 629 966; x_wconf 76' lang='lat' dir='ltr'>ecclesiastice</span> <span class='ocrx_word' id='word_1_39' title='bbox 655 921 789 984; x_wconf 89' lang='lat' dir='ltr'>persone</span> <span class='ocrx_word' id='word_1_40' title='bbox 817 908 882 964; x_wconf 88' lang='lat' dir='ltr'>tam</span> <span class='ocrx_word' id='word_1_41' title='bbox 910 903 1054 984; x_wconf 88' lang='lat' dir='ltr'>religiose</span> <span class='ocrx_word' id='word_1_42' title='bbox 1083 921 1179 984; x_wconf 89' lang='lat' dir='ltr'>quam</span> <span class='ocrx_word' id='word_1_43' title='bbox 1209 903 1367 966; x_wconf 89' lang='lat' dir='ltr'>seculares</span> <span class='ocrx_word' id='word_1_44' title='bbox 1396 923 1455 966; x_wconf 89' lang='lat' dir='ltr'>nec</span> 
     </span>
     <span class='ocr_line' id='line_1_7' title="bbox 149 991 1455 1076; baseline 0.002 -22"><span class='ocrx_word' id='word_1_45' title='bbox 149 1011 212 1054; x_wconf 91' lang='lat' dir='ltr'>non</span> <span class='ocrx_word' id='word_1_46' title='bbox 236 993 344 1070; x_wconf 88' lang='lat' dir='ltr'>duces,</span> <span class='ocrx_word' id='word_1_47' title='bbox 374 994 544 1076; x_wconf 82' lang='lat' dir='ltr'>principes,</span> <span class='ocrx_word' id='word_1_48' title='bbox 575 993 717 1070; x_wconf 89' lang='lat' dir='ltr'>comites,</span> <span class='ocrx_word' id='word_1_49' title='bbox 746 993 960 1070; x_wconf 82' lang='lat' dir='ltr'>marchiones,</span> <span class='ocrx_word' id='word_1_50' title='bbox 988 992 1137 1070; x_wconf 88' lang='lat' dir='ltr'>barones,</span> <span class='ocrx_word' id='word_1_51' title='bbox 1166 991 1303 1070; x_wconf 89' lang='lat' dir='ltr'>nobiles,</span> <span class='ocrx_word' id='word_1_52' title='bbox 1331 994 1455 1074; x_wconf 89' lang='lat' dir='ltr'>milites,</span> 
     </span>
     <span class='ocr_line' id='line_1_8' title="bbox 150 1083 1455 1166; baseline 0.003 -23"><span class='ocrx_word' id='word_1_53' title='bbox 150 1084 334 1145; x_wconf 90' lang='lat' dir='ltr'>communia</span> <span class='ocrx_word' id='word_1_54' title='bbox 355 1083 530 1162; x_wconf 88' lang='lat' dir='ltr'>civitatum,</span> <span class='ocrx_word' id='word_1_55' title='bbox 556 1084 777 1146; x_wconf 81' lang='lat' dir='ltr'>universitates</span> <span class='ocrx_word' id='word_1_56' title='bbox 798 1089 954 1146; x_wconf 89' lang='lat' dir='ltr'>terrarum</span> <span class='ocrx_word' id='word_1_57' title='bbox 977 1091 1007 1144; x_wconf 92' lang='lat' dir='ltr'>et</span> <span class='ocrx_word' id='word_1_58' title='bbox 1026 1083 1167 1144; x_wconf 89' lang='lat' dir='ltr'>locorum</span> <span class='ocrx_word' id='word_1_59' title='bbox 1190 1090 1221 1144; x_wconf 93' lang='lat' dir='ltr'>et</span> <span class='ocrx_word' id='word_1_60' title='bbox 1242 1083 1301 1144; x_wconf 88' lang='lat' dir='ltr'>alic</span> <span class='ocrx_word' id='word_1_61' title='bbox 1322 1103 1455 1166; x_wconf 89' lang='lat' dir='ltr'>persone</span> 
     </span>
     <span class='ocr_line' id='line_1_9' title="bbox 149 1171 1454 1256; baseline 0.002 -22"><span class='ocrx_word' id='word_1_62' title='bbox 149 1193 185 1234; x_wconf 91' lang='lat' dir='ltr'>ac</span> <span class='ocrx_word' id='word_1_63' title='bbox 211 1172 373 1256; x_wconf 82' lang='lat' dir='ltr'>pfficiales,</span> <span class='ocrx_word' id='word_1_64' title='bbox 404 1175 548 1236; x_wconf 83' lang='lat' dir='ltr'>advocati</span> <span class='ocrx_word' id='word_1_65' title='bbox 574 1181 604 1236; x_wconf 90' lang='lat' dir='ltr'>et</span> <span class='ocrx_word' id='word_1_66' title='bbox 631 1174 767 1235; x_wconf 85' lang='lat' dir='ltr'>ministri</span> <span class='ocrx_word' id='word_1_67' title='bbox 794 1174 968 1236; x_wconf 90' lang='lat' dir='ltr'>eorundem</span> <span class='ocrx_word' id='word_1_68' title='bbox 996 1173 1132 1255; x_wconf 85' lang='lat' dir='ltr'>prelatos</span> <span class='ocrx_word' id='word_1_69' title='bbox 1162 1171 1306 1235; x_wconf 84' lang='lat' dir='ltr'>abbatem</span> <span class='ocrx_word' id='word_1_70' title='bbox 1328 1181 1360 1236; x_wconf 92' lang='lat' dir='ltr'>et</span> <span class='ocrx_word' id='word_1_71' title='bbox 1380 1194 1454 1236; x_wconf 92' lang='lat' dir='ltr'>con-</span> 
     </span>
     <span class='ocr_line' id='line_1_10' title="bbox 150 1262 1454 1344; baseline 0.004 -22"><span class='ocrx_word' id='word_1_72' title='bbox 150 1269 281 1326; x_wconf 86' lang='lat' dir='ltr'>ventum</span> <span class='ocrx_word' id='word_1_73' title='bbox 304 1264 344 1326; x_wconf 91' lang='lat' dir='ltr'>ad</span> <span class='ocrx_word' id='word_1_74' title='bbox 365 1263 631 1328; x_wconf 88' lang='lat' dir='ltr'>contribuendum</span> <span class='ocrx_word' id='word_1_75' title='bbox 655 1265 688 1326; x_wconf 91' lang='lat' dir='ltr'>in</span> <span class='ocrx_word' id='word_1_76' title='bbox 710 1264 805 1326; x_wconf 87' lang='lat' dir='ltr'>talliis</span> <span class='ocrx_word' id='word_1_77' title='bbox 827 1269 857 1326; x_wconf 90' lang='lat' dir='ltr'>et</span> <span class='ocrx_word' id='word_1_78' title='bbox 878 1264 1031 1342; x_wconf 83' lang='lat' dir='ltr'>collectis,</span> <span class='ocrx_word' id='word_1_79' title='bbox 1059 1280 1121 1344; x_wconf 90' lang='lat' dir='ltr'>qne</span> <span class='ocrx_word' id='word_1_80' title='bbox 1149 1281 1170 1323; x_wconf 84' lang='lat' dir='ltr'>a</span> <span class='ocrx_word' id='word_1_81' title='bbox 1192 1262 1340 1344; x_wconf 83' lang='lat' dir='ltr'>predictis</span> <span class='ocrx_word' id='word_1_82' title='bbox 1367 1265 1454 1327; x_wconf 93' lang='lat' dir='ltr'>duci·</span> 
     </span>
     <span class='ocr_line' id='line_1_11' title="bbox 150 1351 1454 1437; baseline 0 -21"><span class='ocrx_word' id='word_1_83' title='bbox 150 1355 225 1433; x_wconf 80' lang='lat' dir='ltr'>bue,</span> <span class='ocrx_word' id='word_1_84' title='bbox 247 1353 455 1437; x_wconf 89' lang='lat' dir='ltr'>principibus,</span> <span class='ocrx_word' id='word_1_85' title='bbox 477 1354 662 1430; x_wconf 89' lang='lat' dir='ltr'>comitibus,</span> <span class='ocrx_word' id='word_1_86' title='bbox 682 1353 930 1432; x_wconf 85' lang='lat' dir='ltr'>marchionibus,</span> <span class='ocrx_word' id='word_1_87' title='bbox 959 1352 1133 1415; x_wconf 88' lang='lat' dir='ltr'>baronibus</span> <span class='ocrx_word' id='word_1_88' title='bbox 1154 1357 1184 1413; x_wconf 91' lang='lat' dir='ltr'>et</span> <span class='ocrx_word' id='word_1_89' title='bbox 1203 1351 1272 1414; x_wconf 88' lang='lat' dir='ltr'>aliis</span> <span class='ocrx_word' id='word_1_90' title='bbox 1293 1352 1454 1434; x_wconf 88' lang='lat' dir='ltr'>prelibatis</span> 
     </span>
     <span class='ocr_line' id='line_1_12' title="bbox 150 1441 1454 1526; baseline 0.002 -22"><span class='ocrx_word' id='word_1_91' title='bbox 150 1463 206 1526; x_wconf 88' lang='lat' dir='ltr'>pro</span> <span class='ocrx_word' id='word_1_92' title='bbox 226 1449 367 1526; x_wconf 90' lang='lat' dir='ltr'>tempore</span> <span class='ocrx_word' id='word_1_93' title='bbox 388 1443 475 1506; x_wconf 89' lang='lat' dir='ltr'>laicis</span> <span class='ocrx_word' id='word_1_94' title='bbox 496 1445 715 1526; x_wconf 88' lang='lat' dir='ltr'>imponuntur,</span> <span class='ocrx_word' id='word_1_95' title='bbox 736 1445 863 1526; x_wconf 90' lang='lat' dir='ltr'>propria</span> <span class='ocrx_word' id='word_1_96' title='bbox 883 1444 1055 1507; x_wconf 88' lang='lat' dir='ltr'>temeritate</span> <span class='ocrx_word' id='word_1_97' title='bbox 1076 1441 1277 1525; x_wconf 79' lang='lat' dir='ltr'>compellunt,</span> <span class='ocrx_word' id='word_1_98' title='bbox 1304 1444 1337 1504; x_wconf 90' lang='lat' dir='ltr'>in</span> <span class='ocrx_word' id='word_1_99' title='bbox 1361 1449 1454 1506; x_wconf 89' lang='lat' dir='ltr'>vecti-</span> 
     </span>
     <span class='ocr_line' id='line_1_13' title="bbox 147 1532 1455 1616; baseline -0.002 -20"><span class='ocrx_word' id='word_1_100' title='bbox 147 1533 273 1616; x_wconf 88' lang='lat' dir='ltr'>galibus</span> <span class='ocrx_word' id='word_1_101' title='bbox 295 1538 326 1595; x_wconf 91' lang='lat' dir='ltr'>et</span> <span class='ocrx_word' id='word_1_102' title='bbox 346 1535 485 1615; x_wconf 88' lang='lat' dir='ltr'>angariis</span> <span class='ocrx_word' id='word_1_103' title='bbox 506 1540 648 1613; x_wconf 90' lang='lat' dir='ltr'>onerant,</span> <span class='ocrx_word' id='word_1_104' title='bbox 669 1553 777 1616; x_wconf 89' lang='lat' dir='ltr'>equos,</span> <span class='ocrx_word' id='word_1_105' title='bbox 798 1552 893 1596; x_wconf 90' lang='lat' dir='ltr'>canes</span> <span class='ocrx_word' id='word_1_106' title='bbox 914 1538 944 1596; x_wconf 91' lang='lat' dir='ltr'>et</span> <span class='ocrx_word' id='word_1_107' title='bbox 957 1532 1107 1595; x_wconf 88' lang='lat' dir='ltr'>familiam</span> <span class='ocrx_word' id='word_1_108' title='bbox 1122 1535 1155 1594; x_wconf 92' lang='lat' dir='ltr'>in</span> <span class='ocrx_word' id='word_1_109' title='bbox 1172 1532 1317 1610; x_wconf 89' lang='lat' dir='ltr'>claustra,</span> <span class='ocrx_word' id='word_1_110' title='bbox 1339 1535 1455 1614; x_wconf 84' lang='lat' dir='ltr'>curias,</span> 
     </span>
     <span class='ocr_line' id='line_1_14' title="bbox 152 1622 1453 1687; baseline 0.001 -1"><span class='ocrx_word' id='word_1_111' title='bbox 152 1623 331 1686; x_wconf 87' lang='lat' dir='ltr'>molendina</span> <span class='ocrx_word' id='word_1_112' title='bbox 359 1630 390 1686; x_wconf 92' lang='lat' dir='ltr'>et</span> <span class='ocrx_word' id='word_1_113' title='bbox 418 1623 501 1686; x_wconf 88' lang='lat' dir='ltr'>bona</span> <span class='ocrx_word' id='word_1_114' title='bbox 523 1624 641 1686; x_wconf 89' lang='lat' dir='ltr'>ruralia</span> <span class='ocrx_word' id='word_1_115' title='bbox 663 1624 835 1686; x_wconf 89' lang='lat' dir='ltr'>eorundem</span> <span class='ocrx_word' id='word_1_116' title='bbox 857 1622 1039 1686; x_wconf 88' lang='lat' dir='ltr'>monasterii</span> <span class='ocrx_word' id='word_1_117' title='bbox 1060 1628 1090 1684; x_wconf 93' lang='lat' dir='ltr'>et</span> <span class='ocrx_word' id='word_1_118' title='bbox 1111 1627 1287 1684; x_wconf 86' lang='lat' dir='ltr'>conventus</span> <span class='ocrx_word' id='word_1_119' title='bbox 1307 1623 1347 1686; x_wconf 89' lang='lat' dir='ltr'>ad</span> <span class='ocrx_word' id='word_1_120' title='bbox 1369 1624 1453 1687; x_wconf 91' lang='lat' dir='ltr'>alen·</span> 
     </span>
     <span class='ocr_line' id='line_1_15' title="bbox 149 1712 1454 1797; baseline 0.002 -21"><span class='ocrx_word' id='word_1_121' title='bbox 149 1714 225 1776; x_wconf 90' lang='lat' dir='ltr'>dum</span> <span class='ocrx_word' id='word_1_122' title='bbox 248 1733 304 1776; x_wconf 91' lang='lat' dir='ltr'>seu</span> <span class='ocrx_word' id='word_1_123' title='bbox 327 1713 543 1794; x_wconf 68' lang='lat' dir='ltr'>pabulantium</span> <span class='ocrx_word' id='word_1_124' title='bbox 563 1715 707 1790; x_wconf 90' lang='lat' dir='ltr'>mittunt,</span> <span class='ocrx_word' id='word_1_125' title='bbox 732 1714 765 1776; x_wconf 92' lang='lat' dir='ltr'>in</span> <span class='ocrx_word' id='word_1_126' title='bbox 787 1715 936 1797; x_wconf 87' lang='lat' dir='ltr'>predictis</span> <span class='ocrx_word' id='word_1_127' title='bbox 957 1713 1147 1775; x_wconf 90' lang='lat' dir='ltr'>monasterio</span> <span class='ocrx_word' id='word_1_128' title='bbox 1169 1719 1199 1774; x_wconf 91' lang='lat' dir='ltr'>et</span> <span class='ocrx_word' id='word_1_129' title='bbox 1222 1712 1312 1775; x_wconf 85' lang='lat' dir='ltr'>bonis</span> <span class='ocrx_word' id='word_1_130' title='bbox 1333 1715 1454 1778; x_wconf 87' lang='lat' dir='ltr'>faciunt</span> 
     </span>
     <span class='ocr_line' id='line_1_16' title="bbox 152 1801 1453 1888; baseline 0.002 -23"><span class='ocrx_word' id='word_1_131' title='bbox 152 1805 264 1887; x_wconf 88' lang='lat' dir='ltr'>placita</span> <span class='ocrx_word' id='word_1_132' title='bbox 286 1823 342 1866; x_wconf 84' lang='lat' dir='ltr'>sen</span> <span class='ocrx_word' id='word_1_133' title='bbox 364 1803 491 1888; x_wconf 85' lang='lat' dir='ltr'>publica</span> <span class='ocrx_word' id='word_1_134' title='bbox 512 1804 715 1888; x_wconf 85' lang='lat' dir='ltr'>parlamenta,</span> <span class='ocrx_word' id='word_1_135' title='bbox 736 1803 773 1866; x_wconf 91' lang='lat' dir='ltr'>ad</span> <span class='ocrx_word' id='word_1_136' title='bbox 792 1823 941 1886; x_wconf 82' lang='lat' dir='ltr'>quacum</span> <span class='ocrx_word' id='word_1_137' title='bbox 960 1822 1075 1884; x_wconf 90' lang='lat' dir='ltr'>magna</span> <span class='ocrx_word' id='word_1_138' title='bbox 1092 1801 1295 1864; x_wconf 90' lang='lat' dir='ltr'>multitudine</span> <span class='ocrx_word' id='word_1_139' title='bbox 1309 1805 1453 1885; x_wconf 91' lang='lat' dir='ltr'>equitum</span> 
     </span>
     <span class='ocr_line' id='line_1_17' title="bbox 149 1893 1453 1977; baseline 0 -21"><span class='ocrx_word' id='word_1_140' title='bbox 149 1903 180 1957; x_wconf 87' lang='lat' dir='ltr'>ct</span> <span class='ocrx_word' id='word_1_141' title='bbox 209 1894 349 1976; x_wconf 88' lang='lat' dir='ltr'>pediturn</span> <span class='ocrx_word' id='word_1_142' title='bbox 375 1894 560 1956; x_wconf 85' lang='lat' dir='ltr'>accedentes</span> <span class='ocrx_word' id='word_1_143' title='bbox 584 1893 666 1956; x_wconf 89' lang='lat' dir='ltr'>bona</span> <span class='ocrx_word' id='word_1_144' title='bbox 687 1895 787 1977; x_wconf 88' lang='lat' dir='ltr'>ipsius</span> <span class='ocrx_word' id='word_1_145' title='bbox 809 1895 992 1956; x_wconf 81' lang='lat' dir='ltr'>monasterii</span> <span class='ocrx_word' id='word_1_146' title='bbox 1013 1895 1226 1975; x_wconf 87' lang='lat' dir='ltr'>impignorant</span> <span class='ocrx_word' id='word_1_147' title='bbox 1248 1911 1284 1954; x_wconf 91' lang='lat' dir='ltr'>ac</span> <span class='ocrx_word' id='word_1_148' title='bbox 1305 1895 1453 1957; x_wconf 86' lang='lat' dir='ltr'>victualia</span> 
     </span>
     <span class='ocr_line' id='line_1_18' title="bbox 148 1981 1453 2065; baseline 0 -19"><span class='ocrx_word' id='word_1_149' title='bbox 148 1993 179 2047; x_wconf 89' lang='lat' dir='ltr'>et</span> <span class='ocrx_word' id='word_1_150' title='bbox 202 2004 251 2046; x_wconf 90' lang='lat' dir='ltr'>res</span> <span class='ocrx_word' id='word_1_151' title='bbox 274 1984 334 2046; x_wconf 90' lang='lat' dir='ltr'>alia</span> <span class='ocrx_word' id='word_1_152' title='bbox 355 1983 426 2064; x_wconf 84' lang='lat' dir='ltr'>(sic)</span> <span class='ocrx_word' id='word_1_153' title='bbox 447 1984 601 2046; x_wconf 82' lang='lat' dir='ltr'>dictorum</span> <span class='ocrx_word' id='word_1_154' title='bbox 624 1983 747 2046; x_wconf 88' lang='lat' dir='ltr'>abbatis</span> <span class='ocrx_word' id='word_1_155' title='bbox 768 1990 799 2046; x_wconf 91' lang='lat' dir='ltr'>et</span> <span class='ocrx_word' id='word_1_156' title='bbox 816 1989 1001 2062; x_wconf 87' lang='lat' dir='ltr'>conventus,</span> <span class='ocrx_word' id='word_1_157' title='bbox 1022 2001 1084 2063; x_wconf 89' lang='lat' dir='ltr'>que</span> <span class='ocrx_word' id='word_1_158' title='bbox 1105 1984 1183 2065; x_wconf 89' lang='lat' dir='ltr'>ipsis</span> <span class='ocrx_word' id='word_1_159' title='bbox 1203 1981 1338 2045; x_wconf 85' lang='lat' dir='ltr'>fuissent</span> <span class='ocrx_word' id='word_1_160' title='bbox 1359 1983 1453 2065; x_wconf 87' lang='lat' dir='ltr'>lungo</span> 
     </span>
     <span class='ocr_line' id='line_1_19' title="bbox 148 2073 1454 2157; baseline 0 -20"><span class='ocrx_word' id='word_1_161' title='bbox 148 2081 289 2157; x_wconf 87' lang='lat' dir='ltr'>tempore</span> <span class='ocrx_word' id='word_1_162' title='bbox 311 2073 495 2152; x_wconf 85' lang='lat' dir='ltr'>suffectura,</span> <span class='ocrx_word' id='word_1_163' title='bbox 520 2074 674 2136; x_wconf 86' lang='lat' dir='ltr'>violenter</span> <span class='ocrx_word' id='word_1_164' title='bbox 700 2074 867 2156; x_wconf 91' lang='lat' dir='ltr'>diripiunt,</span> <span class='ocrx_word' id='word_1_165' title='bbox 895 2073 1048 2136; x_wconf 89' lang='lat' dir='ltr'>devorant</span> <span class='ocrx_word' id='word_1_166' title='bbox 1072 2077 1103 2135; x_wconf 91' lang='lat' dir='ltr'>et</span> <span class='ocrx_word' id='word_1_167' title='bbox 1123 2079 1326 2137; x_wconf 89' lang='lat' dir='ltr'>consumunt.</span> <span class='ocrx_word' id='word_1_168' title='bbox 1368 2073 1454 2137; x_wconf 91' lang='lat' dir='ltr'>Non-</span> 
     </span>
     <span class='ocr_line' id='line_1_20' title="bbox 150 2163 1453 2246; baseline 0.001 -19"><span class='ocrx_word' id='word_1_169' title='bbox 150 2165 230 2228; x_wconf 90' lang='lat' dir='ltr'>nulli</span> <span class='ocrx_word' id='word_1_170' title='bbox 253 2167 349 2226; x_wconf 89' lang='lat' dir='ltr'>etiam</span> <span class='ocrx_word' id='word_1_171' title='bbox 370 2165 533 2227; x_wconf 89' lang='lat' dir='ltr'>civitatum</span> <span class='ocrx_word' id='word_1_172' title='bbox 553 2172 583 2227; x_wconf 88' lang='lat' dir='ltr'>et</span> <span class='ocrx_word' id='word_1_173' title='bbox 605 2166 741 2246; x_wconf 87' lang='lat' dir='ltr'>partium</span> <span class='ocrx_word' id='word_1_174' title='bbox 762 2164 898 2242; x_wconf 88' lang='lat' dir='ltr'>illarum,</span> <span class='ocrx_word' id='word_1_175' title='bbox 920 2166 974 2246; x_wconf 90' lang='lat' dir='ltr'>qni</span> <span class='ocrx_word' id='word_1_176' title='bbox 997 2181 1114 2225; x_wconf 91' lang='lat' dir='ltr'>nomen</span> <span class='ocrx_word' id='word_1_177' title='bbox 1130 2163 1250 2224; x_wconf 89' lang='lat' dir='ltr'>domini</span> <span class='ocrx_word' id='word_1_178' title='bbox 1265 2163 1299 2224; x_wconf 93' lang='lat' dir='ltr'>in</span> <span class='ocrx_word' id='word_1_179' title='bbox 1318 2183 1453 2228; x_wconf 90' lang='lat' dir='ltr'>vacuum</span> 
     </span>
     <span class='ocr_line' id='line_1_21' title="bbox 148 2247 1454 2337; baseline 0.001 -20"><span class='ocrx_word' id='word_1_180' title='bbox 148 2257 287 2337; x_wconf 88' lang='lat' dir='ltr'>recipere</span> <span class='ocrx_word' id='word_1_181' title='bbox 315 2273 379 2315; x_wconf 91' lang='lat' dir='ltr'>non</span> <span class='ocrx_word' id='word_1_182' title='bbox 406 2253 590 2332; x_wconf 89' lang='lat' dir='ltr'>formidant,</span> <span class='ocrx_word' id='word_1_183' title='bbox 617 2254 716 2316; x_wconf 87' lang='lat' dir='ltr'>eidem</span> <span class='ocrx_word' id='word_1_184' title='bbox 747 2255 938 2316; x_wconf 90' lang='lat' dir='ltr'>monasterio</span> <span class='ocrx_word' id='word_1_185' title='bbox 966 2247 999 2314; x_wconf 86' lang='lat' dir='ltr'>in</span> <span class='ocrx_word' id='word_1_186' title='bbox 1027 2254 1181 2335; x_wconf 84' lang='lat' dir='ltr'>grangiis,</span> <span class='ocrx_word' id='word_1_187' title='bbox 1208 2252 1291 2315; x_wconf 89' lang='lat' dir='ltr'>villis</span> <span class='ocrx_word' id='word_1_188' title='bbox 1319 2262 1350 2316; x_wconf 89' lang='lat' dir='ltr'>et</span> <span class='ocrx_word' id='word_1_189' title='bbox 1378 2255 1454 2319; x_wconf 90' lang='lat' dir='ltr'>lucis</span> 
     </span>
     <span class='ocr_line' id='line_1_22' title="bbox 146 2341 1454 2426; baseline 0 -18"><span class='ocrx_word' id='word_1_190' title='bbox 146 2346 228 2424; x_wconf 82' lang='lat' dir='ltr'>aliia,</span> <span class='ocrx_word' id='word_1_191' title='bbox 255 2345 354 2423; x_wconf 77' lang='lat' dir='ltr'>terriS,</span> <span class='ocrx_word' id='word_1_192' title='bbox 381 2343 538 2424; x_wconf 89' lang='lat' dir='ltr'>domibus,</span> <span class='ocrx_word' id='word_1_193' title='bbox 565 2345 723 2423; x_wconf 89' lang='lat' dir='ltr'>maneriis,</span> <span class='ocrx_word' id='word_1_194' title='bbox 750 2342 1013 2426; x_wconf 68' lang='lat' dir='ltr'>possessionibus</span> <span class='ocrx_word' id='word_1_195' title='bbox 1034 2341 1158 2405; x_wconf 87' lang='lat' dir='ltr'>iuribus</span> <span class='ocrx_word' id='word_1_196' title='bbox 1180 2349 1211 2405; x_wconf 91' lang='lat' dir='ltr'>et</span> <span class='ocrx_word' id='word_1_197' title='bbox 1230 2343 1454 2410; x_wconf 89' lang='lat' dir='ltr'>iurisdictioni-</span> 
     </span>
     <span class='ocr_line' id='line_1_23' title="bbox 145 2432 1453 2517; baseline 0.002 -20"><span class='ocrx_word' id='word_1_198' title='bbox 145 2435 210 2497; x_wconf 91' lang='lat' dir='ltr'>bus</span> <span class='ocrx_word' id='word_1_199' title='bbox 230 2454 266 2496; x_wconf 92' lang='lat' dir='ltr'>ac</span> <span class='ocrx_word' id='word_1_200' title='bbox 287 2436 493 2516; x_wconf 87' lang='lat' dir='ltr'>pecuniarum</span> <span class='ocrx_word' id='word_1_201' title='bbox 516 2437 664 2512; x_wconf 87' lang='lat' dir='ltr'>summis,</span> <span class='ocrx_word' id='word_1_202' title='bbox 686 2432 857 2512; x_wconf 87' lang='lat' dir='ltr'>fructibus,</span> <span class='ocrx_word' id='word_1_203' title='bbox 878 2434 1041 2509; x_wconf 88' lang='lat' dir='ltr'>censibus,</span> <span class='ocrx_word' id='word_1_204' title='bbox 1065 2433 1241 2496; x_wconf 87' lang='lat' dir='ltr'>redditibus</span> <span class='ocrx_word' id='word_1_205' title='bbox 1270 2440 1301 2496; x_wconf 90' lang='lat' dir='ltr'>et</span> <span class='ocrx_word' id='word_1_206' title='bbox 1320 2453 1453 2517; x_wconf 83' lang='lat' dir='ltr'>proven·</span> 
     </span>
     <span class='ocr_line' id='line_1_24' title="bbox 145 2523 1455 2606; baseline 0.002 -20"><span class='ocrx_word' id='word_1_207' title='bbox 145 2525 234 2587; x_wconf 89' lang='lat' dir='ltr'>tibus</span> <span class='ocrx_word' id='word_1_208' title='bbox 261 2525 401 2585; x_wconf 84' lang='lat' dir='ltr'>eiusdem</span> <span class='ocrx_word' id='word_1_209' title='bbox 433 2531 464 2586; x_wconf 86' lang='lat' dir='ltr'>et</span> <span class='ocrx_word' id='word_1_210' title='bbox 494 2523 741 2606; x_wconf 87' lang='lat' dir='ltr'>quibuscunque</span> <span class='ocrx_word' id='word_1_211' title='bbox 767 2523 837 2586; x_wconf 89' lang='lat' dir='ltr'>aliis</span> <span class='ocrx_word' id='word_1_212' title='bbox 864 2524 955 2586; x_wconf 90' lang='lat' dir='ltr'>bonis</span> <span class='ocrx_word' id='word_1_213' title='bbox 982 2523 1152 2586; x_wconf 89' lang='lat' dir='ltr'>mobilibus</span> <span class='ocrx_word' id='word_1_214' title='bbox 1181 2531 1212 2586; x_wconf 91' lang='lat' dir='ltr'>et</span> <span class='ocrx_word' id='word_1_215' title='bbox 1239 2525 1455 2605; x_wconf 89' lang='lat' dir='ltr'>inmobilibus,</span> 
     </span>
     <span class='ocr_line' id='line_1_25' title="bbox 145 2613 1453 2697; baseline 0.003 -22"><span class='ocrx_word' id='word_1_216' title='bbox 145 2613 368 2697; x_wconf 85' lang='lat' dir='ltr'>spiritualibus</span> <span class='ocrx_word' id='word_1_217' title='bbox 390 2619 421 2675; x_wconf 90' lang='lat' dir='ltr'>et</span> <span class='ocrx_word' id='word_1_218' title='bbox 440 2613 666 2696; x_wconf 88' lang='lat' dir='ltr'>temporalibus</span> <span class='ocrx_word' id='word_1_219' title='bbox 686 2633 724 2676; x_wconf 90' lang='lat' dir='ltr'>ac</span> <span class='ocrx_word' id='word_1_220' title='bbox 745 2614 841 2675; x_wconf 89' lang='lat' dir='ltr'>rebus</span> <span class='ocrx_word' id='word_1_221' title='bbox 861 2615 931 2676; x_wconf 88' lang='lat' dir='ltr'>aliis</span> <span class='ocrx_word' id='word_1_222' title='bbox 951 2613 989 2674; x_wconf 88' lang='lat' dir='ltr'>ad</span> <span class='ocrx_word' id='word_1_223' title='bbox 1010 2617 1237 2677; x_wconf 87' lang='lat' dir='ltr'>monasterium</span> <span class='ocrx_word' id='word_1_224' title='bbox 1255 2635 1291 2676; x_wconf 89' lang='lat' dir='ltr'>ac</span> <span class='ocrx_word' id='word_1_225' title='bbox 1309 2616 1453 2679; x_wconf 84' lang='lat' dir='ltr'>abbatem</span> 
     </span>
     <span class='ocr_line' id='line_1_26' title="bbox 144 2703 1455 2785; baseline 0 -17"><span class='ocrx_word' id='word_1_226' title='bbox 144 2715 178 2768; x_wconf 86' lang='lat' dir='ltr'>et</span> <span class='ocrx_word' id='word_1_227' title='bbox 206 2709 396 2764; x_wconf 86' lang='lat' dir='ltr'>conventum</span> <span class='ocrx_word' id='word_1_228' title='bbox 426 2703 564 2785; x_wconf 89' lang='lat' dir='ltr'>predicta</span> <span class='ocrx_word' id='word_1_229' title='bbox 597 2703 812 2785; x_wconf 87' lang='lat' dir='ltr'>spectantibus</span> <span class='ocrx_word' id='word_1_230' title='bbox 845 2703 1036 2785; x_wconf 88' lang='lat' dir='ltr'>multiplices</span> <span class='ocrx_word' id='word_1_231' title='bbox 1068 2703 1228 2766; x_wconf 90' lang='lat' dir='ltr'>molestias</span> <span class='ocrx_word' id='word_1_232' title='bbox 1258 2705 1400 2768; x_wconf 89' lang='lat' dir='ltr'>inl&#39;erunt</span> <span class='ocrx_word' id='word_1_233' title='bbox 1424 2717 1455 2768; x_wconf 89' lang='lat' dir='ltr'>et</span> 
     </span>
     <span class='ocr_line' id='line_1_27' title="bbox 143 2791 1453 2876; baseline 0.002 -20"><span class='ocrx_word' id='word_1_234' title='bbox 143 2798 294 2857; x_wconf 81' lang='lat' dir='ltr'>iacturae.</span> <span class='ocrx_word' id='word_1_235' title='bbox 337 2791 441 2866; x_wconf 79' lang='lat' dir='ltr'>Quare</span> <span class='ocrx_word' id='word_1_236' title='bbox 471 2792 582 2874; x_wconf 86' lang='lat' dir='ltr'>prelati</span> <span class='ocrx_word' id='word_1_237' title='bbox 608 2791 705 2854; x_wconf 89' lang='lat' dir='ltr'>abbas</span> <span class='ocrx_word' id='word_1_238' title='bbox 726 2797 757 2854; x_wconf 91' lang='lat' dir='ltr'>ct</span> <span class='ocrx_word' id='word_1_239' title='bbox 777 2801 953 2856; x_wconf 88' lang='lat' dir='ltr'>conventus</span> <span class='ocrx_word' id='word_1_240' title='bbox 974 2813 1029 2876; x_wconf 89' lang='lat' dir='ltr'>pro</span> <span class='ocrx_word' id='word_1_241' title='bbox 1052 2813 1085 2856; x_wconf 89' lang='lat' dir='ltr'>se</span> <span class='ocrx_word' id='word_1_242' title='bbox 1105 2801 1136 2856; x_wconf 89' lang='lat' dir='ltr'>et</span> <span class='ocrx_word' id='word_1_243' title='bbox 1157 2794 1239 2856; x_wconf 87' lang='lat' dir='ltr'>diota</span> <span class='ocrx_word' id='word_1_244' title='bbox 1262 2799 1453 2858; x_wconf 90' lang='lat' dir='ltr'>monasterio</span> 
     </span>
     <span class='ocr_line' id='line_1_28' title="bbox 142 2883 1453 2965; baseline 0.001 -18"><span class='ocrx_word' id='word_1_245' title='bbox 142 2884 241 2947; x_wconf 90' lang='lat' dir='ltr'>nobis</span> <span class='ocrx_word' id='word_1_246' title='bbox 265 2883 427 2945; x_wconf 84' lang='lat' dir='ltr'>humiliter</span> <span class='ocrx_word' id='word_1_247' title='bbox 447 2883 680 2965; x_wconf 90' lang='lat' dir='ltr'>supplicarunt,</span> <span class='ocrx_word' id='word_1_248' title='bbox 709 2889 758 2961; x_wconf 91' lang='lat' dir='ltr'>nt,</span> <span class='ocrx_word' id='word_1_249' title='bbox 784 2902 858 2946; x_wconf 88' lang='lat' dir='ltr'>curn</span> <span class='ocrx_word' id='word_1_250' title='bbox 886 2883 1005 2944; x_wconf 90' lang='lat' dir='ltr'>eisdem</span> <span class='ocrx_word' id='word_1_251' title='bbox 1033 2883 1124 2946; x_wconf 88' lang='lat' dir='ltr'>valde</span> <span class='ocrx_word' id='word_1_252' title='bbox 1152 2884 1302 2946; x_wconf 88' lang='lat' dir='ltr'>reddatur</span> <span class='ocrx_word' id='word_1_253' title='bbox 1328 2885 1453 2949; x_wconf 86' lang='lat' dir='ltr'>difficile</span> 
     </span>
     <span class='ocr_line' id='line_1_29' title="bbox 142 2972 1454 3057; baseline 0.004 -23"><span class='ocrx_word' id='word_1_254' title='bbox 142 2993 206 3056; x_wconf 90' lang='lat' dir='ltr'>pro</span> <span class='ocrx_word' id='word_1_255' title='bbox 229 2972 364 3054; x_wconf 89' lang='lat' dir='ltr'>singulis</span> <span class='ocrx_word' id='word_1_256' title='bbox 387 2973 523 3054; x_wconf 86' lang='lat' dir='ltr'>querelis</span> <span class='ocrx_word' id='word_1_257' title='bbox 545 2973 582 3034; x_wconf 88' lang='lat' dir='ltr'>ad</span> <span class='ocrx_word' id='word_1_258' title='bbox 605 2974 806 3056; x_wconf 89' lang='lat' dir='ltr'>apostolicam</span> <span class='ocrx_word' id='word_1_259' title='bbox 832 2973 936 3035; x_wconf 91' lang='lat' dir='ltr'>sedem</span> <span class='ocrx_word' id='word_1_260' title='bbox 961 2973 1075 3036; x_wconf 88' lang='lat' dir='ltr'>habere</span> <span class='ocrx_word' id='word_1_261' title='bbox 1098 2993 1272 3050; x_wconf 87' lang='lat' dir='ltr'>recursum,</span> <span class='ocrx_word' id='word_1_262' title='bbox 1291 2978 1454 3057; x_wconf 84' lang='lat' dir='ltr'>providere</span> 
     </span>
     <span class='ocr_line' id='line_1_30' title="bbox 140 3062 1455 3145; baseline 0.002 -20"><span class='ocrx_word' id='word_1_263' title='bbox 140 3065 229 3145; x_wconf 87' lang='lat' dir='ltr'>ipsis</span> <span class='ocrx_word' id='word_1_264' title='bbox 259 3081 354 3144; x_wconf 89' lang='lat' dir='ltr'>super</span> <span class='ocrx_word' id='word_1_265' title='bbox 381 3062 438 3123; x_wconf 82' lang='lat' dir='ltr'>lico</span> <span class='ocrx_word' id='word_1_266' title='bbox 466 3075 594 3144; x_wconf 87' lang='lat' dir='ltr'>paterna</span> <span class='ocrx_word' id='word_1_267' title='bbox 616 3063 778 3144; x_wconf 83' lang='lat' dir='ltr'>diligentia</span> <span class='ocrx_word' id='word_1_268' title='bbox 799 3082 992 3126; x_wconf 88' lang='lat' dir='ltr'>curaremus.</span> <span class='ocrx_word' id='word_1_269' title='bbox 1034 3063 1100 3126; x_wconf 86' lang='lat' dir='ltr'>Nes</span> <span class='ocrx_word' id='word_1_270' title='bbox 1121 3065 1219 3145; x_wconf 87' lang='lat' dir='ltr'>igitur</span> <span class='ocrx_word' id='word_1_271' title='bbox 1239 3084 1355 3126; x_wconf 82' lang='lat' dir='ltr'>u.s.tu.</span> <span class='ocrx_word' id='word_1_272' title='bbox 1394 3067 1455 3144; x_wconf 81' lang='lat' dir='ltr'>(Es</span> 
     </span>
     <span class='ocr_line' id='line_1_31' title="bbox 142 3150 1300 3232; baseline 0.001 -19"><span class='ocrx_word' id='word_1_273' title='bbox 142 3151 256 3232; x_wconf 74' lang='lat' dir='ltr'>s&#39;olpcn</span> <span class='ocrx_word' id='word_1_274' title='bbox 277 3150 738 3231; x_wconf 76' lang='lat' dir='ltr'>ausfiilnlicbedawea&#39;sumpen</span> <span class='ocrx_word' id='word_1_275' title='bbox 759 3171 803 3212; x_wconf 83' lang='lat' dir='ltr'>aa</span> <span class='ocrx_word' id='word_1_276' title='bbox 823 3153 874 3212; x_wconf 84' lang='lat' dir='ltr'>die</span> <span class='ocrx_word' id='word_1_277' title='bbox 893 3156 1074 3230; x_wconf 64' lang='lat' dir='ltr'>penuriosa</span> <span class='ocrx_word' id='word_1_278' title='bbox 1089 3151 1300 3232; x_wconf 79' lang='lat' dir='ltr'>Geistliclrca.)</span> 
     </span>
    </p>

    <p class='ocr_par' dir='ltr' id='par_1_3' title="bbox 230 3241 1434 3325">
     <span class='ocr_line' id='line_1_32' title="bbox 230 3241 1434 3325; baseline 0.002 -21"><span class='ocrx_word' id='word_1_279' title='bbox 230 3241 347 3305; x_wconf 88' lang='lat' dir='ltr'>Datum</span> <span class='ocrx_word' id='word_1_280' title='bbox 359 3244 521 3306; x_wconf 87' lang='lat' dir='ltr'>Auinicne</span> <span class='ocrx_word' id='word_1_281' title='bbox 537 3252 618 3306; x_wconf 79' lang='lat' dir='ltr'>Vllll</span> <span class='ocrx_word' id='word_1_282' title='bbox 635 3242 785 3306; x_wconf 84' lang='lat' dir='ltr'>kalendas</span> <span class='ocrx_word' id='word_1_283' title='bbox 802 3241 885 3320; x_wconf 89' lang='lat' dir='ltr'>Inlii,</span> <span class='ocrx_word' id='word_1_284' title='bbox 900 3241 1102 3325; x_wconf 88' lang='lat' dir='ltr'>pontificatus</span> <span class='ocrx_word' id='word_1_285' title='bbox 1118 3245 1217 3306; x_wconf 75' lang='lat' dir='ltr'>uosbi</span> <span class='ocrx_word' id='word_1_286' title='bbox 1233 3263 1317 3306; x_wconf 91' lang='lat' dir='ltr'>anno</span> <span class='ocrx_word' id='word_1_287' title='bbox 1334 3248 1434 3311; x_wconf 92' lang='lat' dir='ltr'>tertio.</span> 
     </span>
    </p>
   </div>
   <div class='ocr_carea' id='block_1_3' title="bbox 675 3397 925 3406">
    <p class='ocr_par' dir='ltr' id='par_1_4' title="bbox 675 3397 925 3406">
     <span class='ocr_line' id='line_1_33' title="bbox 675 3397 925 3406; baseline 0.012 -2"><span class='ocrx_word' id='word_1_288' title='bbox 675 3397 798 3406; x_wconf 72' lang='lat'>-..-.—....</span> <span class='ocrx_word' id='word_1_289' title='bbox 809 3399 925 3406; x_wconf 71' lang='lat' dir='ltr'>—a----</span> 
     </span>
    </p>
   </div>
   <div class='ocr_carea' id='block_1_4' title="bbox 139 3410 1453 3498">
    <p class='ocr_par' dir='ltr' id='par_1_5' title="bbox 139 3410 1453 3498">
     <span class='ocr_line' id='line_1_34' title="bbox 139 3410 1453 3498; baseline 0.003 -4"><span class='ocrx_word' id='word_1_290' title='bbox 139 3413 264 3497; x_wconf 78' lang='lat'>1319.</span> <span class='ocrx_word' id='word_1_291' title='bbox 291 3410 465 3492; x_wconf 67' lang='lat' dir='ltr'>iulias.</span> <span class='ocrx_word' id='word_1_292' title='bbox 1364 3417 1453 3498; x_wconf 76' lang='lat'><strong>487.</strong></span> 
     </span>
    </p>
   </div>
   <div class='ocr_carea' id='block_1_5' title="bbox 181 3543 1454 3790">
    <p class='ocr_par' dir='ltr' id='par_1_6' title="bbox 181 3543 1454 3790">
     <span class='ocr_line' id='line_1_35' title="bbox 229 3543 1454 3626; baseline 0.006 -18"><span class='ocrx_word' id='word_1_293' title='bbox 229 3545 337 3609; x_wconf 73' lang='lat' dir='ltr'>Alter-t</span> <span class='ocrx_word' id='word_1_294' title='bbox 358 3545 422 3608; x_wconf 78' lang='lat' dir='ltr'>Ata</span> <span class='ocrx_word' id='word_1_295' title='bbox 441 3546 477 3608; x_wconf 78' lang='lat' dir='ltr'>ia</span> <span class='ocrx_word' id='word_1_296' title='bbox 502 3543 608 3626; x_wconf 79' lang='lat' dir='ltr'>Psorda</span> <span class='ocrx_word' id='word_1_297' title='bbox 635 3545 774 3626; x_wconf 69' lang='lat' dir='ltr'>pecudiali</span> <span class='ocrx_word' id='word_1_298' title='bbox 800 3547 867 3626; x_wconf 78' lang='lat' dir='ltr'>aris</span> <span class='ocrx_word' id='word_1_299' title='bbox 890 3545 1008 3609; x_wconf 77' lang='lat' dir='ltr'>Graiud</span> <span class='ocrx_word' id='word_1_300' title='bbox 1037 3546 1120 3610; x_wconf 81' lang='lat' dir='ltr'>eines</span> <span class='ocrx_word' id='word_1_301' title='bbox 1152 3548 1454 3615; x_wconf 77' lang='lat' dir='ltr'>Uebereinlaonrmens</span> 
     </span>
     <span class='ocr_line' id='line_1_36' title="bbox 181 3635 1454 3790; baseline 0.006 -92"><span class='ocrx_word' id='word_1_302' title='bbox 181 3635 527 3790; x_wconf 46' lang='lat' dir='ltr'>ffeqryqequalqzsetrZagostm</span> <span class='ocrx_word' id='word_1_303' title='bbox 560 3637 593 3700; x_wconf 80' lang='lat' dir='ltr'>iu</span> <span class='ocrx_word' id='word_1_304' title='bbox 622 3636 837 3717; x_wconf 70' lang='lat' dir='ltr'>eredliabury</span> <span class='ocrx_word' id='word_1_305' title='bbox 870 3637 1102 3718; x_wconf 68' lang='lat' dir='ltr'>(lenreinscbosl</span> <span class='ocrx_word' id='word_1_306' title='bbox 1135 3640 1191 3702; x_wconf 85' lang='lat' dir='ltr'>der</span> <span class='ocrx_word' id='word_1_307' title='bbox 1220 3647 1315 3721; x_wconf 76' lang='lat' dir='ltr'>palen</span> <span class='ocrx_word' id='word_1_308' title='bbox 1344 3641 1454 3706; x_wconf 79' lang='lat' dir='ltr'>Werlte</span> 
     </span>
    </p>
   </div>
   <div class='ocr_carea' id='block_1_6' title="bbox 298 3843 1555 3920">
    <p class='ocr_par' dir='ltr' id='par_1_7' title="bbox 298 3843 1555 3920">
     <span class='ocr_line' id='line_1_37' title="bbox 298 3843 1555 3920; baseline 0.007 -24"><span class='ocrx_word' id='word_1_309' title='bbox 298 3843 408 3896; x_wconf 75' lang='lat' dir='ltr'>Druck:</span> <span class='ocrx_word' id='word_1_310' title='bbox 441 3843 545 3909; x_wconf 71' lang='lat' dir='ltr'>ll&#39;srullr,</span> <span class='ocrx_word' id='word_1_311' title='bbox 574 3844 636 3897; x_wconf 82' lang='lat' dir='ltr'>God.</span> <span class='ocrx_word' id='word_1_312' title='bbox 654 3844 721 3910; x_wconf 75' lang='lat' dir='ltr'>dipl.</span> <span class='ocrx_word' id='word_1_313' title='bbox 739 3843 878 3910; x_wconf 69' lang='lat' dir='ltr'>Qrtadlr&#39;nb.</span> <span class='ocrx_word' id='word_1_314' title='bbox 901 3848 953 3896; x_wconf 78' lang='lat'>335</span> <span class='ocrx_word' id='word_1_315' title='bbox 984 3862 1034 3912; x_wconf 88' lang='lat' dir='ltr'>„ex</span> <span class='ocrx_word' id='word_1_316' title='bbox 1062 3848 1252 3916; x_wconf 89' lang='lat' dir='ltr'>autographo“</span> <span class='ocrx_word' id='word_1_317' title='bbox 1282 3851 1330 3903; x_wconf 82' lang='lat' dir='ltr'>mil</span> <span class='ocrx_word' id='word_1_318' title='bbox 1357 3853 1451 3920; x_wconf 77' lang='lat' dir='ltr'>Siepel-</span> <span class='ocrx_word' id='word_1_319' title='bbox 1551 3844 1555 3852; x_wconf 74' lang='grc'><strong><em>’</em></strong></span> 
     </span>
    </p>
   </div>
   <div class='ocr_carea' id='block_1_7' title="bbox 341 3921 830 3991">
    <p class='ocr_par' dir='ltr' id='par_1_8' title="bbox 341 3921 830 3991">
     <span class='ocr_line' id='line_1_38' title="bbox 341 3921 830 3991; baseline -0.002 -16"><span class='ocrx_word' id='word_1_320' title='bbox 341 3923 494 3991; x_wconf 74' lang='lat' dir='ltr'>adbilduny.</span> <span class='ocrx_word' id='word_1_321' title='bbox 537 3921 593 3991; x_wconf 81' lang='lat' dir='ltr'>Vpl.</span> <span class='ocrx_word' id='word_1_322' title='bbox 616 3923 696 3990; x_wconf 80' lang='lat' dir='ltr'>Wolff</span> <span class='ocrx_word' id='word_1_323' title='bbox 710 3923 752 3988; x_wconf 75' lang='grc' dir='ltr'>ΙΙ,</span> <span class='ocrx_word' id='word_1_324' title='bbox 771 3927 830 3974; x_wconf 73' lang='grc'>383.</span> 
     </span>
    </p>
   </div>
   <div class='ocr_carea' id='block_1_8' title="bbox 124 4027 1453 4563">
    <p class='ocr_par' dir='ltr' id='par_1_9' title="bbox 124 4027 1453 4563">
     <span class='ocr_line' id='line_1_39' title="bbox 228 4027 1452 4116; baseline 0.008 -27"><span class='ocrx_word' id='word_1_325' title='bbox 228 4063 266 4072; x_wconf 49' lang='grc' dir='ltr'>κ</span> <span class='ocrx_word' id='word_1_326' title='bbox 288 4063 324 4072; x_wconf 90' lang='grc'>-</span> <span class='ocrx_word' id='word_1_327' title='bbox 348 4027 456 4092; x_wconf 81' lang='lat' dir='ltr'>Frater</span> <span class='ocrx_word' id='word_1_328' title='bbox 476 4028 627 4092; x_wconf 85' lang='lat' dir='ltr'>Albertus</span> <span class='ocrx_word' id='word_1_329' title='bbox 654 4029 757 4092; x_wconf 88' lang='lat' dir='ltr'>dictus</span> <span class='ocrx_word' id='word_1_330' title='bbox 783 4029 880 4092; x_wconf 88' lang='lat' dir='ltr'>abbas</span> <span class='ocrx_word' id='word_1_331' title='bbox 901 4032 934 4092; x_wconf 92' lang='lat' dir='ltr'>in</span> <span class='ocrx_word' id='word_1_332' title='bbox 956 4030 1051 4094; x_wconf 89' lang='lat' dir='ltr'>Porta</span> <span class='ocrx_word' id='word_1_333' title='bbox 1079 4034 1198 4096; x_wconf 87' lang='lat' dir='ltr'>ordinis</span> <span class='ocrx_word' id='word_1_334' title='bbox 1226 4034 1452 4116; x_wconf 75' lang='lat' dir='ltr'>Cysterciensis</span> 
     </span>
     <span class='ocr_line' id='line_1_40' title="bbox 128 4119 1451 4201; baseline 0.008 -23"><span class='ocrx_word' id='word_1_335' title='bbox 128 4157 174 4166; x_wconf 79' lang='lat'>-</span> <span class='ocrx_word' id='word_1_336' title='bbox 204 4153 245 4162; x_wconf 76' lang='grc'>-</span> <span class='ocrx_word' id='word_1_337' title='bbox 269 4125 379 4180; x_wconf 88' lang='lat' dir='ltr'>notum</span> <span class='ocrx_word' id='word_1_338' title='bbox 406 4138 475 4181; x_wconf 88' lang='lat' dir='ltr'>esse</span> <span class='ocrx_word' id='word_1_339' title='bbox 496 4120 659 4201; x_wconf 78' lang='lat' dir='ltr'>cupimuS,</span> <span class='ocrx_word' id='word_1_340' title='bbox 689 4119 772 4200; x_wconf 90' lang='lat' dir='ltr'>quud</span> <span class='ocrx_word' id='word_1_341' title='bbox 795 4120 930 4200; x_wconf 88' lang='lat' dir='ltr'>quedam</span> <span class='ocrx_word' id='word_1_342' title='bbox 954 4123 1031 4184; x_wconf 89' lang='lat' dir='ltr'>unio</span> <span class='ocrx_word' id='word_1_343' title='bbox 1052 4124 1134 4185; x_wconf 90' lang='lat' dir='ltr'>inter</span> <span class='ocrx_word' id='word_1_344' title='bbox 1154 4126 1451 4190; x_wconf 84' lang='lat' dir='ltr'>excellentissimam</span> 
     </span>
     <span class='ocr_line' id='line_1_41' title="bbox 126 4209 1453 4298; baseline 0.002 -22"><span class='ocrx_word' id='word_1_345' title='bbox 126 4210 308 4276; x_wconf 87' lang='lat' dir='ltr'>dominam</span> <span class='ocrx_word' id='word_1_346' title='bbox 331 4209 570 4272; x_wconf 85' lang='lat' dir='ltr'>..abbatissam</span> <span class='ocrx_word' id='word_1_347' title='bbox 597 4219 627 4272; x_wconf 87' lang='lat' dir='ltr'>st</span> <span class='ocrx_word' id='word_1_348' title='bbox 655 4209 829 4292; x_wconf 85' lang='lat' dir='ltr'>capitulum</span> <span class='ocrx_word' id='word_1_349' title='bbox 853 4211 1078 4276; x_wconf 85' lang='lat' dir='ltr'>canonicarum</span> <span class='ocrx_word' id='word_1_350' title='bbox 1101 4215 1133 4275; x_wconf 92' lang='lat' dir='ltr'>in</span> <span class='ocrx_word' id='word_1_351' title='bbox 1157 4213 1453 4298; x_wconf 78' lang='lat' dir='ltr'>Quedelingenbcrg</span> 
     </span>
     <span class='ocr_line' id='line_1_42' title="bbox 125 4300 1452 4389; baseline 0.002 -23"><span class='ocrx_word' id='word_1_352' title='bbox 125 4313 163 4366; x_wconf 87' lang='lat' dir='ltr'>et</span> <span class='ocrx_word' id='word_1_353' title='bbox 190 4317 257 4362; x_wconf 84' lang='lat' dir='ltr'>nos</span> <span class='ocrx_word' id='word_1_354' title='bbox 278 4307 486 4381; x_wconf 88' lang='lat' dir='ltr'>nostrumque</span> <span class='ocrx_word' id='word_1_355' title='bbox 504 4308 696 4362; x_wconf 87' lang='lat' dir='ltr'>conventum</span> <span class='ocrx_word' id='word_1_356' title='bbox 719 4300 822 4362; x_wconf 85' lang='lat' dir='ltr'>taliter</span> <span class='ocrx_word' id='word_1_357' title='bbox 845 4307 893 4362; x_wconf 92' lang='lat' dir='ltr'>est</span> <span class='ocrx_word' id='word_1_358' title='bbox 913 4301 1072 4382; x_wconf 86' lang='lat' dir='ltr'>ordinata,</span> <span class='ocrx_word' id='word_1_359' title='bbox 1099 4303 1184 4386; x_wconf 91' lang='lat' dir='ltr'>quod</span> <span class='ocrx_word' id='word_1_360' title='bbox 1213 4307 1297 4387; x_wconf 87' lang='lat' dir='ltr'>ipsas</span> <span class='ocrx_word' id='word_1_361' title='bbox 1318 4315 1348 4368; x_wconf 93' lang='lat' dir='ltr'>et</span> <span class='ocrx_word' id='word_1_362' title='bbox 1371 4308 1452 4389; x_wconf 88' lang='lat' dir='ltr'>ipsa-</span> 
     </span>
     <span class='ocr_line' id='line_1_43' title="bbox 124 4391 1452 4473; baseline 0.005 -20"><span class='ocrx_word' id='word_1_363' title='bbox 124 4412 216 4458; x_wconf 87' lang='lat' dir='ltr'>rum</span> <span class='ocrx_word' id='word_1_364' title='bbox 242 4398 398 4470; x_wconf 80' lang='lat' dir='ltr'>pcsteras²</span> <span class='ocrx_word' id='word_1_365' title='bbox 419 4397 526 4452; x_wconf 89' lang='lat' dir='ltr'>nostre</span> <span class='ocrx_word' id='word_1_366' title='bbox 542 4409 727 4452; x_wconf 87' lang='lat' dir='ltr'>consorores</span> <span class='ocrx_word' id='word_1_367' title='bbox 743 4391 816 4468; x_wconf 90' lang='lat' dir='ltr'>sint,</span> <span class='ocrx_word' id='word_1_368' title='bbox 837 4398 868 4451; x_wconf 91' lang='lat' dir='ltr'>et</span> <span class='ocrx_word' id='word_1_369' title='bbox 883 4392 1048 4473; x_wconf 85' lang='lat' dir='ltr'>participes</span> <span class='ocrx_word' id='word_1_370' title='bbox 1064 4395 1293 4458; x_wconf 82' lang='lat' dir='ltr'>essevolumus</span> <span class='ocrx_word' id='word_1_371' title='bbox 1308 4400 1452 4460; x_wconf 91' lang='lat' dir='ltr'>omnium</span> 
     </span>
     <span class='ocr_line' id='line_1_44' title="bbox 124 4479 1453 4563; baseline 0.006 -20"><span class='ocrx_word' id='word_1_372' title='bbox 124 4491 162 4549; x_wconf 84' lang='lat' dir='ltr'>et</span> <span class='ocrx_word' id='word_1_373' title='bbox 195 4479 403 4560; x_wconf 86' lang='lat' dir='ltr'>singulorum</span> <span class='ocrx_word' id='word_1_374' title='bbox 428 4481 581 4543; x_wconf 87' lang='lat' dir='ltr'>bonorum</span> <span class='ocrx_word' id='word_1_375' title='bbox 604 4500 749 4563; x_wconf 87' lang='lat' dir='ltr'>operum,</span> <span class='ocrx_word' id='word_1_376' title='bbox 776 4499 838 4562; x_wconf 89' lang='lat' dir='ltr'>que</span> <span class='ocrx_word' id='word_1_377' title='bbox 861 4482 894 4541; x_wconf 92' lang='lat' dir='ltr'>in</span> <span class='ocrx_word' id='word_1_378' title='bbox 917 4490 1024 4544; x_wconf 86' lang='lat' dir='ltr'>nostra</span> <span class='ocrx_word' id='word_1_379' title='bbox 1045 4486 1176 4546; x_wconf 87' lang='lat' dir='ltr'>ecclesia</span> <span class='ocrx_word' id='word_1_380' title='bbox 1198 4485 1281 4547; x_wconf 91' lang='lat' dir='ltr'>fiunt</span> <span class='ocrx_word' id='word_1_381' title='bbox 1308 4507 1343 4549; x_wconf 88' lang='lat' dir='ltr'>ac</span> <span class='ocrx_word' id='word_1_382' title='bbox 1365 4489 1453 4550; x_wconf 91' lang='lat' dir='ltr'>dein-</span> 
     </span>
    </p>
   </div>
   <div class='ocr_carea' id='block_1_9' title="bbox 123 4569 1453 4729">
    <p class='ocr_par' dir='ltr' id='par_1_10' title="bbox 123 4569 1453 4729">
     <span class='ocr_line' id='line_1_45' title="bbox 123 4569 1453 4658; baseline 0.007 -26"><span class='ocrx_word' id='word_1_383' title='bbox 123 4591 217 4656; x_wconf 83' lang='lat' dir='ltr'>ceps</span> <span class='ocrx_word' id='word_1_384' title='bbox 250 4570 334 4652; x_wconf 91' lang='lat' dir='ltr'>apud</span> <span class='ocrx_word' id='word_1_385' title='bbox 365 4589 422 4634; x_wconf 86' lang='lat' dir='ltr'>nos</span> <span class='ocrx_word' id='word_1_386' title='bbox 451 4572 572 4654; x_wconf 92' lang='lat' dir='ltr'>operari</span> <span class='ocrx_word' id='word_1_387' title='bbox 604 4569 787 4653; x_wconf 87' lang='lat' dir='ltr'>dignabitur</span> <span class='ocrx_word' id='word_1_388' title='bbox 817 4569 991 4634; x_wconf 86' lang='lat' dir='ltr'>clemencia</span> <span class='ocrx_word' id='word_1_389' title='bbox 1012 4572 1109 4636; x_wconf 84' lang='lat' dir='ltr'>Ilresu</span> <span class='ocrx_word' id='word_1_390' title='bbox 1130 4574 1247 4636; x_wconf 81' lang='lat' dir='ltr'>Christi</span> <span class='ocrx_word' id='word_1_391' title='bbox 1276 4578 1307 4637; x_wconf 92' lang='lat' dir='ltr'>in</span> <span class='ocrx_word' id='word_1_392' title='bbox 1340 4581 1453 4658; x_wconf 86' lang='lat' dir='ltr'>missis,</span> 
     </span>
     <span class='ocr_line' id='line_1_46' title="bbox 194 4675 1254 4729; baseline -0.002 -9"><span class='ocrx_word' id='word_1_393' title='bbox 194 4678 426 4727; x_wconf 56' lang='lat' dir='ltr'>cancamum.</span> <span class='ocrx_word' id='word_1_394' title='bbox 434 4679 456 4718; x_wconf 88' lang='lat' dir='ltr'>s.</span> <span class='ocrx_word' id='word_1_395' title='bbox 472 4679 615 4720; x_wconf 67' lang='lat' dir='ltr'>suumn.</span> <span class='ocrx_word' id='word_1_396' title='bbox 1219 4675 1254 4729; x_wconf 83' lang='lat'>30</span> 
     </span>
    </p>
   </div>
   <div class='ocr_carea' id='block_1_10' title="bbox 0 0 1758 5148">
    <p class='ocr_par' dir='ltr' id='par_1_11' title="bbox 0 0 1758 5148">
     <span class='ocr_line' id='line_1_47' title="bbox 0 0 1758 5148; baseline 0 2"><span class='ocrx_word' id='word_1_397' title='bbox 0 0 1758 5148; x_wconf 95' lang='lat' dir='ltr'> </span> 
     </span>
    </p>
   </div>
  </div>
 </body>
</html>
