<?xml version="1.0" encoding="UTF-8"?>
<!DOCTYPE html PUBLIC "-//W3C//DTD XHTML 1.0 Transitional//EN"
    "http://www.w3.org/TR/xhtml1/DTD/xhtml1-transitional.dtd">
<html xmlns="http://www.w3.org/1999/xhtml" xml:lang="en" lang="en">
 <head>
  <title>
</title>
<meta http-equiv="Content-Type" content="text/html;charset=utf-8" />
  <meta name='ocr-system' content='tesseract 3.04.00' />
  <meta name='ocr-capabilities' content='ocr_page ocr_carea ocr_par ocr_line ocrx_word'/>
</head>
<body>
  <div class='ocr_page' id='page_1' title='image "./urkundenbuchdes00pforgoog_0152.png"; bbox 0 0 3410 5146; ppageno 0'>
   <div class='ocr_carea' id='block_1_1' title="bbox 339 389 1278 462">
    <p class='ocr_par' dir='ltr' id='par_1_1' title="bbox 339 389 1278 462">
     <span class='ocr_line' id='line_1_1' title="bbox 339 389 1278 462; baseline -0.004 0"><span class='ocrx_word' id='word_1_1' title='bbox 339 389 392 462; x_wconf 72' lang='grc'><strong>1211</strong></span> <span class='ocrx_word' id='word_1_2' title='bbox 712 397 942 460; x_wconf 81' lang='lat' dir='ltr'>Urhundenbuch</span> <span class='ocrx_word' id='word_1_3' title='bbox 960 395 1008 460; x_wconf 81' lang='lat' dir='ltr'>dee</span> <span class='ocrx_word' id='word_1_4' title='bbox 1026 397 1153 460; x_wconf 80' lang='lat' dir='ltr'>Kloatera</span> <span class='ocrx_word' id='word_1_5' title='bbox 1170 396 1278 459; x_wconf 85' lang='lat' dir='ltr'>Plorte.</span> 
     </span>
    </p>
   </div>
   <div class='ocr_carea' id='block_1_2' title="bbox 340 531 1637 641">
    <p class='ocr_par' dir='ltr' id='par_1_2' title="bbox 340 531 1637 641">
     <span class='ocr_line' id='line_1_2' title="bbox 340 531 1637 641; baseline -0.002 -22"><span class='ocrx_word' id='word_1_6' title='bbox 340 555 379 620; x_wconf 91' lang='lat' dir='ltr'>de</span> <span class='ocrx_word' id='word_1_7' title='bbox 401 553 600 640; x_wconf 80' lang='lat' dir='ltr'>Swamhurg,</span> <span class='ocrx_word' id='word_1_8' title='bbox 621 563 653 622; x_wconf 90' lang='lat' dir='ltr'>at</span> <span class='ocrx_word' id='word_1_9' title='bbox 678 557 717 620; x_wconf 90' lang='lat' dir='ltr'>ab</span> <span class='ocrx_word' id='word_1_10' title='bbox 738 558 816 641; x_wconf 86' lang='lat' dir='ltr'>ipsis</span> <span class='ocrx_word' id='word_1_11' title='bbox 844 531 975 639; x_wconf 84' lang='lat' dir='ltr'>quidem</span> <span class='ocrx_word' id='word_1_12' title='bbox 1000 557 1071 637; x_wconf 87' lang='lat' dir='ltr'>alii,</span> <span class='ocrx_word' id='word_1_13' title='bbox 1095 577 1175 638; x_wconf 89' lang='lat' dir='ltr'>quos</span> <span class='ocrx_word' id='word_1_14' title='bbox 1196 555 1235 619; x_wconf 87' lang='lat' dir='ltr'>ab</span> <span class='ocrx_word' id='word_1_15' title='bbox 1256 557 1340 636; x_wconf 60' lang='lat' dir='ltr'>illis,</span> <span class='ocrx_word' id='word_1_16' title='bbox 1356 557 1411 638; x_wconf 93' lang='lat' dir='ltr'>qui</span> <span class='ocrx_word' id='word_1_17' title='bbox 1433 555 1472 621; x_wconf 91' lang='lat' dir='ltr'>de</span> <span class='ocrx_word' id='word_1_18' title='bbox 1491 551 1570 640; x_wconf 85' lang='lat' dir='ltr'>ipsis</span> <span class='ocrx_word' id='word_1_19' title='bbox 1588 573 1637 640; x_wconf 88' lang='lat' dir='ltr'>per</span> 
     </span>
    </p>
   </div>
   <div class='ocr_carea' id='block_1_3' title="bbox 324 644 1685 3391">
    <p class='ocr_par' dir='ltr' id='par_1_3' title="bbox 324 644 1685 3391">
     <span class='ocr_line' id='line_1_3' title="bbox 338 644 1636 729; baseline -0.003 -19"><span class='ocrx_word' id='word_1_20' title='bbox 338 665 412 710; x_wconf 89' lang='lat' dir='ltr'>eum</span> <span class='ocrx_word' id='word_1_21' title='bbox 432 645 649 710; x_wconf 87' lang='lat' dir='ltr'>inbeneficiati</span> <span class='ocrx_word' id='word_1_22' title='bbox 669 647 811 723; x_wconf 81' lang='lat' dir='ltr'>fuerant,</span> <span class='ocrx_word' id='word_1_23' title='bbox 833 646 967 710; x_wconf 81' lang='lat' dir='ltr'>redemit</span> <span class='ocrx_word' id='word_1_24' title='bbox 988 650 1020 709; x_wconf 86' lang='lat' dir='ltr'>et</span> <span class='ocrx_word' id='word_1_25' title='bbox 1040 647 1071 708; x_wconf 92' lang='lat' dir='ltr'>in</span> <span class='ocrx_word' id='word_1_26' title='bbox 1095 665 1209 710; x_wconf 88' lang='lat' dir='ltr'>manus</span> <span class='ocrx_word' id='word_1_27' title='bbox 1230 646 1331 729; x_wconf 92' lang='lat' dir='ltr'>ipsius</span> <span class='ocrx_word' id='word_1_28' title='bbox 1352 644 1636 728; x_wconf 76' lang='lat' dir='ltr'>luerent-legittime</span> 
     </span>
     <span class='ocr_line' id='line_1_4' title="bbox 337 735 1636 819; baseline -0.002 -20"><span class='ocrx_word' id='word_1_29' title='bbox 337 735 501 819; x_wconf 67' lang='lat' dir='ltr'>resignati,</span> <span class='ocrx_word' id='word_1_30' title='bbox 533 735 650 799; x_wconf 88' lang='lat' dir='ltr'>liberos</span> <span class='ocrx_word' id='word_1_31' title='bbox 677 735 716 798; x_wconf 92' lang='lat' dir='ltr'>ab</span> <span class='ocrx_word' id='word_1_32' title='bbox 743 737 830 798; x_wconf 91' lang='lat' dir='ltr'>omni</span> <span class='ocrx_word' id='word_1_33' title='bbox 860 736 1052 819; x_wconf 89' lang='lat' dir='ltr'>inpeticione</span> <span class='ocrx_word' id='word_1_34' title='bbox 1080 742 1111 799; x_wconf 91' lang='lat' dir='ltr'>et</span> <span class='ocrx_word' id='word_1_35' title='bbox 1132 753 1228 798; x_wconf 92' lang='lat' dir='ltr'>onere</span> <span class='ocrx_word' id='word_1_36' title='bbox 1250 735 1289 799; x_wconf 92' lang='lat' dir='ltr'>de</span> <span class='ocrx_word' id='word_1_37' title='bbox 1310 755 1469 802; x_wconf 88' lang='lat' dir='ltr'>consensu</span> <span class='ocrx_word' id='word_1_38' title='bbox 1492 735 1636 798; x_wconf 84' lang='lat' dir='ltr'>heredum</span> 
     </span>
     <span class='ocr_line' id='line_1_5' title="bbox 337 823 1635 908; baseline -0.001 -20"><span class='ocrx_word' id='word_1_39' title='bbox 337 844 468 888; x_wconf 87' lang='lat' dir='ltr'>suorum</span> <span class='ocrx_word' id='word_1_40' title='bbox 494 824 628 888; x_wconf 80' lang='lat' dir='ltr'>ecclesie</span> <span class='ocrx_word' id='word_1_41' title='bbox 650 823 796 888; x_wconf 89' lang='lat' dir='ltr'>Portensi</span> <span class='ocrx_word' id='word_1_42' title='bbox 818 825 989 889; x_wconf 81' lang='lat' dir='ltr'>contulerit</span> <span class='ocrx_word' id='word_1_43' title='bbox 1009 825 1093 888; x_wconf 89' lang='lat' dir='ltr'>etin</span> <span class='ocrx_word' id='word_1_44' title='bbox 1114 844 1225 888; x_wconf 90' lang='lat' dir='ltr'>eorum</span> <span class='ocrx_word' id='word_1_45' title='bbox 1245 825 1510 908; x_wconf 75' lang='lat' dir='ltr'>permutationem</span> <span class='ocrx_word' id='word_1_46' title='bbox 1533 825 1635 888; x_wconf 87' lang='lat' dir='ltr'>eadem</span> 
     </span>
     <span class='ocr_line' id='line_1_6' title="bbox 335 911 1636 995; baseline 0.001 -19"><span class='ocrx_word' id='word_1_47' title='bbox 335 914 471 977; x_wconf 88' lang='lat' dir='ltr'>ecclesia</span> <span class='ocrx_word' id='word_1_48' title='bbox 491 914 521 976; x_wconf 94' lang='lat' dir='ltr'>ei</span> <span class='ocrx_word' id='word_1_49' title='bbox 543 919 679 995; x_wconf 89' lang='lat' dir='ltr'>quatuor</span> <span class='ocrx_word' id='word_1_50' title='bbox 700 933 836 994; x_wconf 82' lang='lat' dir='ltr'>mansos,</span> <span class='ocrx_word' id='word_1_51' title='bbox 857 914 937 977; x_wconf 86' lang='lat' dir='ltr'>dnos</span> <span class='ocrx_word' id='word_1_52' title='bbox 958 913 1108 977; x_wconf 85' lang='lat' dir='ltr'>videlicet</span> <span class='ocrx_word' id='word_1_53' title='bbox 1127 915 1161 976; x_wconf 91' lang='lat' dir='ltr'>in</span> <span class='ocrx_word' id='word_1_54' title='bbox 1182 911 1300 993; x_wconf 77' lang='lat' dir='ltr'>Barka,</span> <span class='ocrx_word' id='word_1_55' title='bbox 1321 916 1475 979; x_wconf 89' lang='lat' dir='ltr'>nnumin</span> <span class='ocrx_word' id='word_1_56' title='bbox 1498 914 1636 979; x_wconf 85' lang='lat' dir='ltr'>Svauirs·</span> 
     </span>
     <span class='ocr_line' id='line_1_7' title="bbox 335 1003 1636 1087; baseline -0.002 -21"><span class='ocrx_word' id='word_1_57' title='bbox 335 1004 427 1087; x_wconf 90' lang='lat' dir='ltr'>torph</span> <span class='ocrx_word' id='word_1_58' title='bbox 454 1009 486 1066; x_wconf 90' lang='lat' dir='ltr'>et</span> <span class='ocrx_word' id='word_1_59' title='bbox 506 1022 607 1066; x_wconf 89' lang='lat' dir='ltr'>unum</span> <span class='ocrx_word' id='word_1_60' title='bbox 627 1004 660 1065; x_wconf 93' lang='lat' dir='ltr'>in</span> <span class='ocrx_word' id='word_1_61' title='bbox 681 1003 837 1087; x_wconf 77' lang='lat' dir='ltr'>Tustorph</span> <span class='ocrx_word' id='word_1_62' title='bbox 860 1003 984 1068; x_wconf 86' lang='lat' dir='ltr'>dederit</span> <span class='ocrx_word' id='word_1_63' title='bbox 1004 1004 1125 1068; x_wconf 86' lang='lat' dir='ltr'>addens</span> <span class='ocrx_word' id='word_1_64' title='bbox 1146 1006 1278 1087; x_wconf 87' lang='lat' dir='ltr'>insuper</span> <span class='ocrx_word' id='word_1_65' title='bbox 1298 1005 1328 1068; x_wconf 93' lang='lat' dir='ltr'>ei</span> <span class='ocrx_word' id='word_1_66' title='bbox 1347 1015 1491 1069; x_wconf 77' lang='lat' dir='ltr'><strong>Lxxx¹1</strong></span> <span class='ocrx_word' id='word_1_67' title='bbox 1521 1023 1636 1068; x_wconf 76' lang='lat' dir='ltr'>marcus</span> 
     </span>
     <span class='ocr_line' id='line_1_8' title="bbox 335 1093 1634 1177; baseline -0.002 -21"><span class='ocrx_word' id='word_1_68' title='bbox 335 1100 368 1156; x_wconf 88' lang='lat' dir='ltr'>et</span> <span class='ocrx_word' id='word_1_69' title='bbox 398 1097 527 1175; x_wconf 88' lang='lat' dir='ltr'>accepto</span> <span class='ocrx_word' id='word_1_70' title='bbox 556 1093 664 1156; x_wconf 81' lang='lat' dir='ltr'>ferens</span> <span class='ocrx_word' id='word_1_71' title='bbox 695 1094 724 1155; x_wconf 91' lang='lat' dir='ltr'>ei</span> <span class='ocrx_word' id='word_1_72' title='bbox 750 1105 935 1167; x_wconf 74' lang='lat' dir='ltr'>emarcus,</span> <span class='ocrx_word' id='word_1_73' title='bbox 962 1095 995 1156; x_wconf 93' lang='lat' dir='ltr'>in</span> <span class='ocrx_word' id='word_1_74' title='bbox 1023 1093 1139 1175; x_wconf 91' lang='lat' dir='ltr'>quibus</span> <span class='ocrx_word' id='word_1_75' title='bbox 1168 1097 1258 1176; x_wconf 86' lang='lat' dir='ltr'>pater</span> <span class='ocrx_word' id='word_1_76' title='bbox 1284 1099 1392 1158; x_wconf 85' lang='lat' dir='ltr'>noster</span> <span class='ocrx_word' id='word_1_77' title='bbox 1411 1095 1462 1177; x_wconf 91' lang='lat' dir='ltr'>pie</span> <span class='ocrx_word' id='word_1_78' title='bbox 1491 1093 1634 1156; x_wconf 83' lang='lat' dir='ltr'>memorie</span> 
     </span>
     <span class='ocr_line' id='line_1_9' title="bbox 334 1181 1633 1262; baseline -0.002 -17"><span class='ocrx_word' id='word_1_79' title='bbox 334 1181 439 1246; x_wconf 91' lang='lat' dir='ltr'>eidem</span> <span class='ocrx_word' id='word_1_80' title='bbox 464 1182 599 1245; x_wconf 84' lang='lat' dir='ltr'>ecclesie</span> <span class='ocrx_word' id='word_1_81' title='bbox 630 1182 798 1245; x_wconf 86' lang='lat' dir='ltr'>tenebatur</span> <span class='ocrx_word' id='word_1_82' title='bbox 828 1183 887 1246; x_wconf 91' lang='lat' dir='ltr'>sub</span> <span class='ocrx_word' id='word_1_83' title='bbox 913 1183 1116 1246; x_wconf 80' lang='lat' dir='ltr'>fideiussoria</span> <span class='ocrx_word' id='word_1_84' title='bbox 1142 1185 1302 1262; x_wconf 70' lang='lat' dir='ltr'>cautione,</span> <span class='ocrx_word' id='word_1_85' title='bbox 1330 1185 1462 1247; x_wconf 90' lang='lat' dir='ltr'>etitem</span> <span class='ocrx_word' id='word_1_86' title='bbox 1489 1191 1582 1259; x_wconf 71' lang='lat' dir='ltr'>xm,</span> <span class='ocrx_word' id='word_1_87' title='bbox 1607 1184 1633 1244; x_wconf 94' lang='lat' dir='ltr'>iu</span> 
     </span>
     <span class='ocr_line' id='line_1_10' title="bbox 336 1270 1633 1356; baseline -0.002 -22"><span class='ocrx_word' id='word_1_88' title='bbox 336 1270 452 1353; x_wconf 91' lang='lat' dir='ltr'>quibus</span> <span class='ocrx_word' id='word_1_89' title='bbox 482 1272 550 1335; x_wconf 90' lang='lat' dir='ltr'>sine</span> <span class='ocrx_word' id='word_1_90' title='bbox 578 1271 725 1334; x_wconf 78' lang='lat' dir='ltr'>cautione</span> <span class='ocrx_word' id='word_1_91' title='bbox 751 1272 856 1334; x_wconf 86' lang='lat' dir='ltr'>iuerat</span> <span class='ocrx_word' id='word_1_92' title='bbox 882 1271 1053 1355; x_wconf 75' lang='lat' dir='ltr'>obligatus,</span> <span class='ocrx_word' id='word_1_93' title='bbox 1080 1291 1141 1353; x_wconf 94' lang='lat' dir='ltr'>que</span> <span class='ocrx_word' id='word_1_94' title='bbox 1165 1274 1272 1335; x_wconf 89' lang='lat' dir='ltr'>omnia</span> <span class='ocrx_word' id='word_1_95' title='bbox 1292 1274 1325 1336; x_wconf 89' lang='lat' dir='ltr'>in</span> <span class='ocrx_word' id='word_1_96' title='bbox 1352 1273 1534 1356; x_wconf 74' lang='lat' dir='ltr'>privilegio,</span> <span class='ocrx_word' id='word_1_97' title='bbox 1556 1271 1633 1353; x_wconf 88' lang='lat' dir='ltr'>quod</span> 
     </span>
     <span class='ocr_line' id='line_1_11' title="bbox 334 1361 1633 1444; baseline 0.004 -22"><span class='ocrx_word' id='word_1_98' title='bbox 334 1365 528 1424; x_wconf 85' lang='lat' dir='ltr'>memoratus</span> <span class='ocrx_word' id='word_1_99' title='bbox 559 1361 657 1423; x_wconf 85' lang='lat' dir='ltr'>frater</span> <span class='ocrx_word' id='word_1_100' title='bbox 687 1365 796 1424; x_wconf 90' lang='lat' dir='ltr'>noster</span> <span class='ocrx_word' id='word_1_101' title='bbox 823 1379 919 1444; x_wconf 88' lang='lat' dir='ltr'>super</span> <span class='ocrx_word' id='word_1_102' title='bbox 949 1362 1008 1424; x_wconf 89' lang='lat' dir='ltr'>hoo</span> <span class='ocrx_word' id='word_1_103' title='bbox 1038 1362 1137 1439; x_wconf 73' lang='lat' dir='ltr'>dedit,</span> <span class='ocrx_word' id='word_1_104' title='bbox 1172 1369 1247 1426; x_wconf 91' lang='lat' dir='ltr'>sunt</span> <span class='ocrx_word' id='word_1_105' title='bbox 1278 1362 1448 1444; x_wconf 86' lang='lat' dir='ltr'>diligenter</span> <span class='ocrx_word' id='word_1_106' title='bbox 1481 1381 1633 1444; x_wconf 77' lang='lat' dir='ltr'>expressa.</span> 
     </span>
     <span class='ocr_line' id='line_1_12' title="bbox 333 1450 1633 1532; baseline -0.002 -20"><span class='ocrx_word' id='word_1_107' title='bbox 333 1469 392 1513; x_wconf 85' lang='lat' dir='ltr'>nos</span> <span class='ocrx_word' id='word_1_108' title='bbox 423 1469 488 1512; x_wconf 89' lang='lat' dir='ltr'>una</span> <span class='ocrx_word' id='word_1_109' title='bbox 518 1469 591 1512; x_wconf 85' lang='lat' dir='ltr'>curu</span> <span class='ocrx_word' id='word_1_110' title='bbox 622 1451 719 1513; x_wconf 88' lang='lat' dir='ltr'>fratre</span> <span class='ocrx_word' id='word_1_111' title='bbox 754 1456 862 1514; x_wconf 86' lang='lat' dir='ltr'>nostro</span> <span class='ocrx_word' id='word_1_112' title='bbox 893 1451 1055 1529; x_wconf 67' lang='lat' dir='ltr'>Ouurado,</span> <span class='ocrx_word' id='word_1_113' title='bbox 1085 1452 1139 1532; x_wconf 92' lang='lat' dir='ltr'>qui</span> <span class='ocrx_word' id='word_1_114' title='bbox 1170 1471 1263 1514; x_wconf 91' lang='lat' dir='ltr'>suum</span> <span class='ocrx_word' id='word_1_115' title='bbox 1295 1451 1463 1514; x_wconf 91' lang='lat' dir='ltr'>nobiscum</span> <span class='ocrx_word' id='word_1_116' title='bbox 1494 1450 1633 1514; x_wconf 76' lang='lat' dir='ltr'>benivole</span> 
     </span>
     <span class='ocr_line' id='line_1_13' title="bbox 333 1540 1632 1624; baseline -0.002 -22"><span class='ocrx_word' id='word_1_117' title='bbox 333 1540 421 1604; x_wconf 92' lang='lat' dir='ltr'>dedit</span> <span class='ocrx_word' id='word_1_118' title='bbox 447 1557 627 1620; x_wconf 82' lang='lat' dir='ltr'>assensum,</span> <span class='ocrx_word' id='word_1_119' title='bbox 656 1540 695 1604; x_wconf 92' lang='lat' dir='ltr'>de</span> <span class='ocrx_word' id='word_1_120' title='bbox 725 1542 877 1624; x_wconf 90' lang='lat' dir='ltr'>petitione</span> <span class='ocrx_word' id='word_1_121' title='bbox 898 1541 1008 1603; x_wconf 88' lang='lat' dir='ltr'>matris</span> <span class='ocrx_word' id='word_1_122' title='bbox 1029 1549 1137 1603; x_wconf 90' lang='lat' dir='ltr'>nostre</span> <span class='ocrx_word' id='word_1_123' title='bbox 1158 1540 1294 1604; x_wconf 88' lang='lat' dir='ltr'>eandem</span> <span class='ocrx_word' id='word_1_124' title='bbox 1315 1541 1519 1604; x_wconf 85' lang='lat' dir='ltr'>donationem</span> <span class='ocrx_word' id='word_1_125' title='bbox 1541 1549 1632 1604; x_wconf 84' lang='lat' dir='ltr'>ratam</span> 
     </span>
     <span class='ocr_line' id='line_1_14' title="bbox 332 1629 1633 1713; baseline -0.002 -22"><span class='ocrx_word' id='word_1_126' title='bbox 332 1629 486 1692; x_wconf 85' lang='lat' dir='ltr'>habemus</span> <span class='ocrx_word' id='word_1_127' title='bbox 512 1629 678 1711; x_wconf 82' lang='lat' dir='ltr'>ipsamque</span> <span class='ocrx_word' id='word_1_128' title='bbox 706 1630 832 1712; x_wconf 84' lang='lat' dir='ltr'>pietatis</span> <span class='ocrx_word' id='word_1_129' title='bbox 857 1629 976 1693; x_wconf 86' lang='lat' dir='ltr'>intuitu</span> <span class='ocrx_word' id='word_1_130' title='bbox 1000 1629 1191 1693; x_wconf 82' lang='lat' dir='ltr'>innovantes</span> <span class='ocrx_word' id='word_1_131' title='bbox 1217 1632 1357 1713; x_wconf 85' lang='lat' dir='ltr'>presenti</span> <span class='ocrx_word' id='word_1_132' title='bbox 1378 1631 1544 1713; x_wconf 82' lang='lat' dir='ltr'>privilegio</span> <span class='ocrx_word' id='word_1_133' title='bbox 1565 1648 1633 1692; x_wconf 88' lang='lat' dir='ltr'>cou-</span> 
     </span>
     <span class='ocr_line' id='line_1_15' title="bbox 330 1719 1632 1802; baseline -0.002 -20"><span class='ocrx_word' id='word_1_134' title='bbox 330 1719 496 1782; x_wconf 83' lang='lat' dir='ltr'>firmamus</span> <span class='ocrx_word' id='word_1_135' title='bbox 524 1720 710 1782; x_wconf 83' lang='lat' dir='ltr'>auctoritate</span> <span class='ocrx_word' id='word_1_136' title='bbox 731 1724 840 1782; x_wconf 87' lang='lat' dir='ltr'>nostra</span> <span class='ocrx_word' id='word_1_137' title='bbox 859 1719 1087 1802; x_wconf 78' lang='lat' dir='ltr'>precipientes,</span> <span class='ocrx_word' id='word_1_138' title='bbox 1109 1738 1149 1782; x_wconf 89' lang='lat' dir='ltr'>ne</span> <span class='ocrx_word' id='word_1_139' title='bbox 1171 1721 1243 1800; x_wconf 88' lang='lat' dir='ltr'>quis</span> <span class='ocrx_word' id='word_1_140' title='bbox 1265 1719 1451 1783; x_wconf 88' lang='lat' dir='ltr'>Portensem</span> <span class='ocrx_word' id='word_1_141' title='bbox 1473 1719 1632 1783; x_wconf 84' lang='lat' dir='ltr'>ecclesian</span> 
     </span>
     <span class='ocr_line' id='line_1_16' title="bbox 330 1807 1632 1891; baseline -0.001 -22"><span class='ocrx_word' id='word_1_142' title='bbox 330 1809 363 1870; x_wconf 91' lang='lat' dir='ltr'>in</span> <span class='ocrx_word' id='word_1_143' title='bbox 391 1808 511 1872; x_wconf 86' lang='lat' dir='ltr'>eisdem</span> <span class='ocrx_word' id='word_1_144' title='bbox 536 1807 630 1872; x_wconf 89' lang='lat' dir='ltr'>bonis</span> <span class='ocrx_word' id='word_1_145' title='bbox 651 1809 853 1888; x_wconf 86' lang='lat' dir='ltr'>aliquatenus</span> <span class='ocrx_word' id='word_1_146' title='bbox 874 1809 1053 1889; x_wconf 85' lang='lat' dir='ltr'>inquietare</span> <span class='ocrx_word' id='word_1_147' title='bbox 1074 1817 1244 1891; x_wconf 81' lang='lat' dir='ltr'>presumat</span> <span class='ocrx_word' id='word_1_148' title='bbox 1286 1809 1525 1872; x_wconf 81' lang='lat' dir='ltr'>Renrmciamus</span> <span class='ocrx_word' id='word_1_149' title='bbox 1545 1809 1632 1872; x_wconf 88' lang='lat' dir='ltr'>etiam</span> 
     </span>
     <span class='ocr_line' id='line_1_17' title="bbox 331 1895 1632 1978; baseline -0.002 -18"><span class='ocrx_word' id='word_1_150' title='bbox 331 1902 395 1960; x_wconf 82' lang='lat' dir='ltr'>tam</span> <span class='ocrx_word' id='word_1_151' title='bbox 417 1897 449 1959; x_wconf 93' lang='lat' dir='ltr'>in</span> <span class='ocrx_word' id='word_1_152' title='bbox 471 1897 533 1960; x_wconf 88' lang='lat' dir='ltr'>hiis</span> <span class='ocrx_word' id='word_1_153' title='bbox 554 1915 650 1978; x_wconf 89' lang='lat' dir='ltr'>quam</span> <span class='ocrx_word' id='word_1_154' title='bbox 669 1899 703 1960; x_wconf 93' lang='lat' dir='ltr'>in</span> <span class='ocrx_word' id='word_1_155' title='bbox 725 1897 795 1960; x_wconf 87' lang='lat' dir='ltr'>aliis</span> <span class='ocrx_word' id='word_1_156' title='bbox 816 1895 909 1961; x_wconf 90' lang='lat' dir='ltr'>bonis</span> <span class='ocrx_word' id='word_1_157' title='bbox 930 1897 968 1960; x_wconf 86' lang='lat' dir='ltr'>ab</span> <span class='ocrx_word' id='word_1_158' title='bbox 991 1897 1104 1961; x_wconf 90' lang='lat' dir='ltr'>eadem</span> <span class='ocrx_word' id='word_1_159' title='bbox 1125 1897 1259 1962; x_wconf 86' lang='lat' dir='ltr'>ecclesia</span> <span class='ocrx_word' id='word_1_160' title='bbox 1280 1899 1395 1962; x_wconf 86' lang='lat' dir='ltr'>habitis</span> <span class='ocrx_word' id='word_1_161' title='bbox 1412 1899 1464 1962; x_wconf 82' lang='lat' dir='ltr'>vel</span> <span class='ocrx_word' id='word_1_162' title='bbox 1486 1898 1632 1961; x_wconf 74' lang='lat' dir='ltr'>habendis</span> 
     </span>
     <span class='ocr_line' id='line_1_18' title="bbox 330 1985 1631 2072; baseline 0 -24"><span class='ocrx_word' id='word_1_163' title='bbox 330 1988 363 2048; x_wconf 89' lang='lat' dir='ltr'>iu</span> <span class='ocrx_word' id='word_1_164' title='bbox 378 1985 442 2049; x_wconf 86' lang='lat' dir='ltr'>Ver</span> <span class='ocrx_word' id='word_1_165' title='bbox 463 1990 495 2050; x_wconf 87' lang='lat' dir='ltr'>et</span> <span class='ocrx_word' id='word_1_166' title='bbox 513 1985 547 2048; x_wconf 94' lang='lat' dir='ltr'>iu</span> <span class='ocrx_word' id='word_1_167' title='bbox 564 1985 832 2050; x_wconf 89' lang='lat' dir='ltr'>Hentscusleiheu</span> <span class='ocrx_word' id='word_1_168' title='bbox 845 1985 1071 2070; x_wconf 65' lang='lat' dir='ltr'>peticionibus,</span> <span class='ocrx_word' id='word_1_169' title='bbox 1092 1987 1328 2067; x_wconf 83' lang='lat' dir='ltr'>exactionibus,</span> <span class='ocrx_word' id='word_1_170' title='bbox 1348 1989 1488 2072; x_wconf 86' lang='lat' dir='ltr'>angariis</span> <span class='ocrx_word' id='word_1_171' title='bbox 1504 1987 1631 2067; x_wconf 85' lang='lat' dir='ltr'>aliisque</span> 
     </span>
     <span class='ocr_line' id='line_1_19' title="bbox 331 2075 1631 2157; baseline -0.001 -19"><span class='ocrx_word' id='word_1_172' title='bbox 331 2075 484 2152; x_wconf 80' lang='lat' dir='ltr'>serviciis,</span> <span class='ocrx_word' id='word_1_173' title='bbox 505 2093 566 2156; x_wconf 91' lang='lat' dir='ltr'>que</span> <span class='ocrx_word' id='word_1_174' title='bbox 588 2075 680 2138; x_wconf 88' lang='lat' dir='ltr'>nobis</span> <span class='ocrx_word' id='word_1_175' title='bbox 702 2075 914 2154; x_wconf 76' lang='lat' dir='ltr'>debebantur,</span> <span class='ocrx_word' id='word_1_176' title='bbox 941 2095 1145 2157; x_wconf 87' lang='lat' dir='ltr'>quocumque</span> <span class='ocrx_word' id='word_1_177' title='bbox 1172 2077 1301 2140; x_wconf 90' lang='lat' dir='ltr'>nomine</span> <span class='ocrx_word' id='word_1_178' title='bbox 1326 2083 1530 2156; x_wconf 83' lang='lat' dir='ltr'>censeantur,</span> <span class='ocrx_word' id='word_1_179' title='bbox 1557 2078 1631 2138; x_wconf 86' lang='lat' dir='ltr'>sicut</span> 
     </span>
     <span class='ocr_line' id='line_1_20' title="bbox 329 2164 1631 2249; baseline 0 -22"><span class='ocrx_word' id='word_1_180' title='bbox 329 2165 424 2228; x_wconf 88' lang='lat' dir='ltr'>etiarn</span> <span class='ocrx_word' id='word_1_181' title='bbox 450 2166 548 2228; x_wconf 83' lang='lat' dir='ltr'>irater</span> <span class='ocrx_word' id='word_1_182' title='bbox 574 2171 606 2227; x_wconf 88' lang='lat' dir='ltr'>et</span> <span class='ocrx_word' id='word_1_183' title='bbox 625 2164 831 2248; x_wconf 87' lang='lat' dir='ltr'>predecessor</span> <span class='ocrx_word' id='word_1_184' title='bbox 852 2171 962 2228; x_wconf 86' lang='lat' dir='ltr'>noster</span> <span class='ocrx_word' id='word_1_185' title='bbox 981 2166 1015 2227; x_wconf 93' lang='lat' dir='ltr'>in</span> <span class='ocrx_word' id='word_1_186' title='bbox 1036 2185 1094 2228; x_wconf 90' lang='lat' dir='ltr'>suo</span> <span class='ocrx_word' id='word_1_187' title='bbox 1112 2166 1279 2249; x_wconf 83' lang='lat' dir='ltr'>privilegio</span> <span class='ocrx_word' id='word_1_188' title='bbox 1300 2168 1414 2230; x_wconf 88' lang='lat' dir='ltr'>fecisse</span> <span class='ocrx_word' id='word_1_189' title='bbox 1435 2171 1631 2237; x_wconf 81' lang='lat' dir='ltr'>monstratur,</span> 
     </span>
     <span class='ocr_line' id='line_1_21' title="bbox 329 2253 1630 2338; baseline -0.001 -22"><span class='ocrx_word' id='word_1_190' title='bbox 329 2261 361 2316; x_wconf 86' lang='lat' dir='ltr'>et</span> <span class='ocrx_word' id='word_1_191' title='bbox 386 2253 566 2337; x_wconf 80' lang='lat' dir='ltr'>specialiter</span> <span class='ocrx_word' id='word_1_192' title='bbox 591 2253 637 2316; x_wconf 92' lang='lat' dir='ltr'>illi</span> <span class='ocrx_word' id='word_1_193' title='bbox 657 2255 732 2331; x_wconf 80' lang='lat' dir='ltr'>iuri,</span> <span class='ocrx_word' id='word_1_194' title='bbox 754 2255 840 2336; x_wconf 92' lang='lat' dir='ltr'>quod</span> <span class='ocrx_word' id='word_1_195' title='bbox 861 2255 1038 2338; x_wconf 87' lang='lat' dir='ltr'>hospicium</span> <span class='ocrx_word' id='word_1_196' title='bbox 1059 2255 1257 2335; x_wconf 81' lang='lat' dir='ltr'>nominetur,</span> <span class='ocrx_word' id='word_1_197' title='bbox 1277 2256 1322 2319; x_wconf 83' lang='lat' dir='ltr'>ita</span> <span class='ocrx_word' id='word_1_198' title='bbox 1344 2262 1379 2318; x_wconf 90' lang='lat' dir='ltr'>ut</span> <span class='ocrx_word' id='word_1_199' title='bbox 1398 2255 1486 2318; x_wconf 90' lang='lat' dir='ltr'>illius</span> <span class='ocrx_word' id='word_1_200' title='bbox 1506 2255 1630 2318; x_wconf 86' lang='lat' dir='ltr'>obtentu</span> 
     </span>
     <span class='ocr_line' id='line_1_22' title="bbox 329 2342 1685 2428; baseline 0 -22"><span class='ocrx_word' id='word_1_201' title='bbox 329 2343 427 2406; x_wconf 91' lang='lat' dir='ltr'>nichil</span> <span class='ocrx_word' id='word_1_202' title='bbox 462 2345 588 2428; x_wconf 91' lang='lat' dir='ltr'>penitus</span> <span class='ocrx_word' id='word_1_203' title='bbox 624 2364 642 2405; x_wconf 89' lang='lat' dir='ltr'>a</span> <span class='ocrx_word' id='word_1_204' title='bbox 683 2343 775 2409; x_wconf 89' lang='lat' dir='ltr'>uobis</span> <span class='ocrx_word' id='word_1_205' title='bbox 811 2351 866 2408; x_wconf 86' lang='lat' dir='ltr'>aut</span> <span class='ocrx_word' id='word_1_206' title='bbox 899 2364 918 2405; x_wconf 87' lang='lat' dir='ltr'>a</span> <span class='ocrx_word' id='word_1_207' title='bbox 949 2342 1064 2406; x_wconf 86' lang='lat' dir='ltr'>villicis</span> <span class='ocrx_word' id='word_1_208' title='bbox 1091 2345 1208 2407; x_wconf 88' lang='lat' dir='ltr'>uostris</span> <span class='ocrx_word' id='word_1_209' title='bbox 1239 2365 1259 2406; x_wconf 88' lang='lat' dir='ltr'>a</span> <span class='ocrx_word' id='word_1_210' title='bbox 1286 2364 1359 2428; x_wconf 90' lang='lat' dir='ltr'>sepe</span> <span class='ocrx_word' id='word_1_211' title='bbox 1391 2346 1477 2408; x_wconf 90' lang='lat' dir='ltr'>dicta</span> <span class='ocrx_word' id='word_1_212' title='bbox 1504 2342 1630 2408; x_wconf 88' lang='lat' dir='ltr'>ecclesia</span> <span class='ocrx_word' id='word_1_213' title='bbox 1684 2349 1685 2356; x_wconf 75' lang='grc'>’</span> 
     </span>
     <span class='ocr_line' id='line_1_23' title="bbox 329 2429 1629 2517; baseline -0.002 -22"><span class='ocrx_word' id='word_1_214' title='bbox 329 2434 517 2514; x_wconf 88' lang='lat' dir='ltr'>requiratur.</span> <span class='ocrx_word' id='word_1_215' title='bbox 565 2429 667 2514; x_wconf 82' lang='lat' dir='ltr'>Igitur</span> <span class='ocrx_word' id='word_1_216' title='bbox 697 2439 733 2496; x_wconf 89' lang='lat' dir='ltr'>ut</span> <span class='ocrx_word' id='word_1_217' title='bbox 756 2433 817 2496; x_wconf 92' lang='lat' dir='ltr'>hoc</span> <span class='ocrx_word' id='word_1_218' title='bbox 844 2433 963 2496; x_wconf 86' lang='lat' dir='ltr'>iactum</span> <span class='ocrx_word' id='word_1_219' title='bbox 992 2432 1080 2495; x_wconf 88' lang='lat' dir='ltr'>nulla</span> <span class='ocrx_word' id='word_1_220' title='bbox 1107 2451 1247 2514; x_wconf 86' lang='lat' dir='ltr'>unquam</span> <span class='ocrx_word' id='word_1_221' title='bbox 1275 2439 1454 2517; x_wconf 88' lang='lat' dir='ltr'>temporum</span> <span class='ocrx_word' id='word_1_222' title='bbox 1481 2439 1629 2496; x_wconf 75' lang='lat' dir='ltr'>rebmtme</span> 
     </span>
     <span class='ocr_line' id='line_1_24' title="bbox 329 2521 1630 2605; baseline -0.001 -21"><span class='ocrx_word' id='word_1_223' title='bbox 329 2521 521 2586; x_wconf 86' lang='lat' dir='ltr'>abolendum</span> <span class='ocrx_word' id='word_1_224' title='bbox 565 2527 718 2604; x_wconf 87' lang='lat' dir='ltr'>perpetua</span> <span class='ocrx_word' id='word_1_225' title='bbox 757 2522 926 2587; x_wconf 84' lang='lat' dir='ltr'>stabilitate</span> <span class='ocrx_word' id='word_1_226' title='bbox 968 2521 1132 2600; x_wconf 81' lang='lat' dir='ltr'>subsistat,</span> <span class='ocrx_word' id='word_1_227' title='bbox 1168 2542 1227 2586; x_wconf 90' lang='lat' dir='ltr'>nos</span> <span class='ocrx_word' id='word_1_228' title='bbox 1263 2528 1443 2605; x_wconf 80' lang='lat' dir='ltr'>presentem</span> <span class='ocrx_word' id='word_1_229' title='bbox 1480 2523 1630 2586; x_wconf 84' lang='lat' dir='ltr'>cautionis</span> 
     </span>
     <span class='ocr_line' id='line_1_25' title="bbox 328 2611 1629 2696; baseline 0 -22"><span class='ocrx_word' id='word_1_230' title='bbox 328 2613 476 2696; x_wconf 84' lang='lat' dir='ltr'>peginam</span> <span class='ocrx_word' id='word_1_231' title='bbox 505 2611 622 2674; x_wconf 83' lang='lat' dir='ltr'>exinde</span> <span class='ocrx_word' id='word_1_232' title='bbox 647 2613 860 2695; x_wconf 83' lang='lat' dir='ltr'>conscriptam</span> <span class='ocrx_word' id='word_1_233' title='bbox 889 2611 984 2694; x_wconf 81' lang='lat' dir='ltr'>sigilli</span> <span class='ocrx_word' id='word_1_234' title='bbox 1012 2613 1111 2674; x_wconf 85' lang='lat' dir='ltr'>nostri</span> <span class='ocrx_word' id='word_1_235' title='bbox 1138 2613 1337 2694; x_wconf 89' lang='lat' dir='ltr'>inpressione</span> <span class='ocrx_word' id='word_1_236' title='bbox 1365 2614 1485 2676; x_wconf 90' lang='lat' dir='ltr'>muniri</span> <span class='ocrx_word' id='word_1_237' title='bbox 1506 2619 1538 2676; x_wconf 93' lang='lat' dir='ltr'>et</span> <span class='ocrx_word' id='word_1_238' title='bbox 1556 2612 1629 2692; x_wconf 62' lang='lat' dir='ltr'>p&#39;do</span> 
     </span>
     <span class='ocr_line' id='line_1_26' title="bbox 328 2700 1629 2784; baseline -0.002 -20"><span class='ocrx_word' id='word_1_239' title='bbox 328 2721 462 2766; x_wconf 89' lang='lat' dir='ltr'>neorum</span> <span class='ocrx_word' id='word_1_240' title='bbox 487 2701 615 2763; x_wconf 86' lang='lat' dir='ltr'>testium</span> <span class='ocrx_word' id='word_1_241' title='bbox 642 2700 879 2784; x_wconf 88' lang='lat' dir='ltr'>subscripcione</span> <span class='ocrx_word' id='word_1_242' title='bbox 903 2702 1039 2765; x_wconf 87' lang='lat' dir='ltr'>fecimus</span> <span class='ocrx_word' id='word_1_243' title='bbox 1065 2700 1221 2780; x_wconf 72' lang='lat' dir='ltr'>roborari,</span> <span class='ocrx_word' id='word_1_244' title='bbox 1249 2721 1385 2783; x_wconf 89' lang='lat' dir='ltr'>quorum</span> <span class='ocrx_word' id='word_1_245' title='bbox 1411 2703 1629 2766; x_wconf 81' lang='lat' dir='ltr'>nominasent</span> 
     </span>
     <span class='ocr_line' id='line_1_27' title="bbox 328 2791 1629 2874; baseline -0.003 -20"><span class='ocrx_word' id='word_1_246' title='bbox 328 2792 402 2854; x_wconf 90' lang='lat' dir='ltr'>heo:</span> <span class='ocrx_word' id='word_1_247' title='bbox 426 2791 595 2854; x_wconf 75' lang='lat' dir='ltr'>cunradus</span> <span class='ocrx_word' id='word_1_248' title='bbox 616 2791 714 2853; x_wconf 83' lang='lat' dir='ltr'>irater</span> <span class='ocrx_word' id='word_1_249' title='bbox 733 2797 855 2870; x_wconf 74' lang='lat' dir='ltr'>noster,</span> <span class='ocrx_word' id='word_1_250' title='bbox 876 2791 1050 2855; x_wconf 88' lang='lat' dir='ltr'>Heinricus</span> <span class='ocrx_word' id='word_1_251' title='bbox 1072 2810 1179 2854; x_wconf 88' lang='lat' dir='ltr'>comes</span> <span class='ocrx_word' id='word_1_252' title='bbox 1200 2791 1239 2855; x_wconf 92' lang='lat' dir='ltr'>de</span> <span class='ocrx_word' id='word_1_253' title='bbox 1259 2791 1464 2874; x_wconf 69' lang='lat' dir='ltr'>daremberg,</span> <span class='ocrx_word' id='word_1_254' title='bbox 1484 2791 1629 2855; x_wconf 77' lang='lat' dir='ltr'>Albanus</span> 
     </span>
     <span class='ocr_line' id='line_1_28' title="bbox 326 2878 1626 2964; baseline -0.002 -20"><span class='ocrx_word' id='word_1_255' title='bbox 326 2900 433 2944; x_wconf 90' lang='lat' dir='ltr'>comes</span> <span class='ocrx_word' id='word_1_256' title='bbox 461 2880 500 2942; x_wconf 90' lang='lat' dir='ltr'>de</span> <span class='ocrx_word' id='word_1_257' title='bbox 527 2878 726 2942; x_wconf 81' lang='lat' dir='ltr'>Cleltenberc</span> <span class='ocrx_word' id='word_1_258' title='bbox 753 2885 784 2943; x_wconf 90' lang='lat' dir='ltr'>et</span> <span class='ocrx_word' id='word_1_259' title='bbox 808 2879 896 2944; x_wconf 87' lang='lat' dir='ltr'>fihus</span> <span class='ocrx_word' id='word_1_260' title='bbox 922 2881 991 2943; x_wconf 88' lang='lat' dir='ltr'>eius</span> <span class='ocrx_word' id='word_1_261' title='bbox 1021 2899 1128 2943; x_wconf 91' lang='lat' dir='ltr'>comes</span> <span class='ocrx_word' id='word_1_262' title='bbox 1150 2881 1373 2964; x_wconf 77' lang='lat' dir='ltr'>Beringerus⁰‚</span> <span class='ocrx_word' id='word_1_263' title='bbox 1398 2881 1566 2945; x_wconf 81' lang='lat' dir='ltr'>Ouuradus</span> <span class='ocrx_word' id='word_1_264' title='bbox 1591 2881 1626 2942; x_wconf 87' lang='lat' dir='ltr'>de</span> 
     </span>
     <span class='ocr_line' id='line_1_29' title="bbox 325 2967 1684 3054; baseline -0.001 -22"><span class='ocrx_word' id='word_1_265' title='bbox 325 2967 544 3047; x_wconf 75' lang='lat' dir='ltr'>&#39;l&#39;anninrode‚</span> <span class='ocrx_word' id='word_1_266' title='bbox 574 2968 693 3032; x_wconf 85' lang='lat' dir='ltr'>Alhero</span> <span class='ocrx_word' id='word_1_267' title='bbox 724 2970 763 3032; x_wconf 93' lang='lat' dir='ltr'>de</span> <span class='ocrx_word' id='word_1_268' title='bbox 783 2969 939 3052; x_wconf 79' lang='lat' dir='ltr'>Vipeehe,</span> <span class='ocrx_word' id='word_1_269' title='bbox 972 2969 1186 3033; x_wconf 79' lang='lat' dir='ltr'>Theodericus</span> <span class='ocrx_word' id='word_1_270' title='bbox 1213 2971 1324 3054; x_wconf 76' lang='lat' dir='ltr'>Niger,</span> <span class='ocrx_word' id='word_1_271' title='bbox 1357 2971 1561 3035; x_wconf 85' lang='lat' dir='ltr'>Gothefridus</span> <span class='ocrx_word' id='word_1_272' title='bbox 1592 2970 1627 3031; x_wconf 88' lang='lat' dir='ltr'>de</span> <span class='ocrx_word' id='word_1_273' title='bbox 1683 3035 1684 3054; x_wconf 13' lang='grc' dir='ltr'>χ</span> 
     </span>
     <span class='ocr_line' id='line_1_30' title="bbox 324 3058 1684 3148; baseline -0.001 -26"><span class='ocrx_word' id='word_1_274' title='bbox 324 3059 547 3137; x_wconf 75' lang='lat' dir='ltr'>lutheleihen,</span> <span class='ocrx_word' id='word_1_275' title='bbox 574 3058 779 3122; x_wconf 85' lang='lat' dir='ltr'>Hermaunus</span> <span class='ocrx_word' id='word_1_276' title='bbox 806 3059 846 3122; x_wconf 89' lang='lat' dir='ltr'>de</span> <span class='ocrx_word' id='word_1_277' title='bbox 866 3060 1022 3141; x_wconf 81' lang='lat' dir='ltr'>Nuseziu,</span> <span class='ocrx_word' id='word_1_278' title='bbox 1048 3059 1201 3123; x_wconf 83' lang='lat' dir='ltr'>Alhertus</span> <span class='ocrx_word' id='word_1_279' title='bbox 1226 3059 1266 3123; x_wconf 91' lang='lat' dir='ltr'>de</span> <span class='ocrx_word' id='word_1_280' title='bbox 1286 3059 1513 3141; x_wconf 73' lang='lat' dir='ltr'>Hebelaiben‘¹‚</span> <span class='ocrx_word' id='word_1_281' title='bbox 1533 3059 1627 3124; x_wconf 90' lang='lat' dir='ltr'>Heiu—</span> <span class='ocrx_word' id='word_1_282' title='bbox 1683 3099 1684 3148; x_wconf 47' lang='lat' dir='ltr'>p</span> 
     </span>
     <span class='ocr_line' id='line_1_31' title="bbox 324 3149 1627 3232; baseline -0.004 -19"><span class='ocrx_word' id='word_1_283' title='bbox 324 3151 411 3212; x_wconf 86' lang='lat' dir='ltr'>ricus</span> <span class='ocrx_word' id='word_1_284' title='bbox 442 3149 585 3211; x_wconf 88' lang='lat' dir='ltr'>notarius</span> <span class='ocrx_word' id='word_1_285' title='bbox 615 3153 724 3210; x_wconf 90' lang='lat' dir='ltr'>noster</span> <span class='ocrx_word' id='word_1_286' title='bbox 754 3153 786 3211; x_wconf 93' lang='lat' dir='ltr'>et</span> <span class='ocrx_word' id='word_1_287' title='bbox 816 3149 924 3231; x_wconf 89' lang='lat' dir='ltr'>plures</span> <span class='ocrx_word' id='word_1_288' title='bbox 956 3150 1009 3211; x_wconf 87' lang='lat' dir='ltr'>alii</span> <span class='ocrx_word' id='word_1_289' title='bbox 1043 3155 1107 3212; x_wconf 84' lang='lat' dir='ltr'>tarn</span> <span class='ocrx_word' id='word_1_290' title='bbox 1138 3149 1262 3212; x_wconf 90' lang='lat' dir='ltr'>nobiles</span> <span class='ocrx_word' id='word_1_291' title='bbox 1289 3167 1383 3232; x_wconf 83' lang='lat' dir='ltr'>quarn</span> <span class='ocrx_word' id='word_1_292' title='bbox 1409 3149 1627 3213; x_wconf 83' lang='lat' dir='ltr'>ministeriales</span> 
     </span>
     <span class='ocr_line' id='line_1_32' title="bbox 326 3239 1626 3314; baseline -0.002 -12"><span class='ocrx_word' id='word_1_293' title='bbox 326 3239 434 3302; x_wconf 84' lang='lat' dir='ltr'>nostri.</span> <span class='ocrx_word' id='word_1_294' title='bbox 476 3240 558 3301; x_wconf 84' lang='lat' dir='ltr'>Acta</span> <span class='ocrx_word' id='word_1_295' title='bbox 585 3243 660 3299; x_wconf 85' lang='lat' dir='ltr'>sunt</span> <span class='ocrx_word' id='word_1_296' title='bbox 685 3239 743 3299; x_wconf 90' lang='lat' dir='ltr'>hee</span> <span class='ocrx_word' id='word_1_297' title='bbox 770 3257 854 3300; x_wconf 89' lang='lat' dir='ltr'>anno</span> <span class='ocrx_word' id='word_1_298' title='bbox 880 3239 1160 3301; x_wconf 15' lang='lat' dir='ltr'>abairrcarnatione</span> <span class='ocrx_word' id='word_1_299' title='bbox 1181 3239 1300 3301; x_wconf 89' lang='lat' dir='ltr'>domini</span> <span class='ocrx_word' id='word_1_300' title='bbox 1332 3247 1626 3314; x_wconf 71' lang='lat' dir='ltr'>M⁰llt⁰xx⁰llll⁰‚</span> 
     </span>
     <span class='ocr_line' id='line_1_33' title="bbox 325 3329 1029 3391; baseline -0.007 -1"><span class='ocrx_word' id='word_1_301' title='bbox 325 3329 500 3391; x_wconf 89' lang='lat' dir='ltr'>indictione</span> <span class='ocrx_word' id='word_1_302' title='bbox 523 3337 560 3390; x_wconf 76' lang='lat'>1².</span> <span class='ocrx_word' id='word_1_303' title='bbox 1027 3339 1029 3344; x_wconf 86' lang='lat'>·</span> 
     </span>
    </p>
   </div>
   <div class='ocr_carea' id='block_1_4' title="bbox 395 3451 1629 3530">
    <p class='ocr_par' dir='ltr' id='par_1_4' title="bbox 395 3451 1629 3530">
     <span class='ocr_line' id='line_1_34' title="bbox 395 3451 1629 3530; baseline -0.002 -17"><span class='ocrx_word' id='word_1_304' title='bbox 395 3460 567 3530; x_wconf 80' lang='lat' dir='ltr'>²ucgotium</span> <span class='ocrx_word' id='word_1_305' title='bbox 587 3463 661 3524; x_wconf 76' lang='lat' dir='ltr'>(atati</span> <span class='ocrx_word' id='word_1_306' title='bbox 679 3459 875 3528; x_wconf 83' lang='lat' dir='ltr'>ingeniunr)D</span> <span class='ocrx_word' id='word_1_307' title='bbox 920 3452 933 3488; x_wconf 86' lang='lat'>¹&#39;</span> <span class='ocrx_word' id='word_1_308' title='bbox 950 3459 1114 3515; x_wconf 78' lang='lat' dir='ltr'>annuarnl&#39;</span> <span class='ocrx_word' id='word_1_309' title='bbox 1171 3459 1317 3530; x_wconf 74' lang='lat' dir='ltr'>el&#39;rringer’</span> <span class='ocrx_word' id='word_1_310' title='bbox 1330 3459 1360 3514; x_wconf 90' lang='lat' dir='ltr'><strong><em>D</em></strong></span> <span class='ocrx_word' id='word_1_311' title='bbox 1411 3451 1589 3530; x_wconf 68' lang='lat' dir='ltr'>‘Eheleyhen</span> <span class='ocrx_word' id='word_1_312' title='bbox 1607 3457 1629 3510; x_wconf 84' lang='grc' dir='ltr'><em>Τ</em></span> 
     </span>
    </p>
   </div>
   <div class='ocr_carea' id='block_1_5' title="bbox 854 3603 1103 3612">
    <p class='ocr_par' dir='ltr' id='par_1_5' title="bbox 854 3603 1103 3612">
     <span class='ocr_line' id='line_1_35' title="bbox 854 3603 1103 3612; baseline 0 0"><span class='ocrx_word' id='word_1_313' title='bbox 854 3603 1103 3612; x_wconf 39' lang='lat' dir='ltr'>b———ss—</span> 
     </span>
    </p>
   </div>
   <div class='ocr_carea' id='block_1_6' title="bbox 323 3649 1683 3758">
    <p class='ocr_par' dir='ltr' id='par_1_6' title="bbox 323 3649 1683 3758">
     <span class='ocr_line' id='line_1_36' title="bbox 323 3649 1683 3758; baseline -0.001 -25"><span class='ocrx_word' id='word_1_314' title='bbox 323 3652 436 3736; x_wconf 74' lang='lat'><strong>1229.</strong></span> <span class='ocrx_word' id='word_1_315' title='bbox 1538 3649 1625 3732; x_wconf 79' lang='grc'><strong>100.</strong></span> <span class='ocrx_word' id='word_1_316' title='bbox 1682 3685 1683 3758; x_wconf 53' lang='lat'><em>3</em></span> 
     </span>
    </p>
   </div>
   <div class='ocr_carea' id='block_1_7' title="bbox 359 3785 1625 4316">
    <p class='ocr_par' dir='ltr' id='par_1_7' title="bbox 359 3785 1625 4316">
     <span class='ocr_line' id='line_1_37' title="bbox 404 3785 1624 3869; baseline -0.002 -19"><span class='ocrx_word' id='word_1_317' title='bbox 404 3787 579 3869; x_wconf 67' lang='lat' dir='ltr'>laederes</span> <span class='ocrx_word' id='word_1_318' title='bbox 602 3786 756 3851; x_wconf 68' lang='lat' dir='ltr'>Heimich</span> <span class='ocrx_word' id='word_1_319' title='bbox 787 3786 894 3867; x_wconf 59' lang='lat' dir='ltr'>Respa</span> <span class='ocrx_word' id='word_1_320' title='bbox 928 3807 987 3851; x_wconf 80' lang='lat' dir='ltr'>uon</span> <span class='ocrx_word' id='word_1_321' title='bbox 1021 3785 1204 3868; x_wconf 74' lang='lat' dir='ltr'>Thiiriapea</span> <span class='ocrx_word' id='word_1_322' title='bbox 1239 3788 1380 3868; x_wconf 65' lang='lat' dir='ltr'>traddtipi</span> <span class='ocrx_word' id='word_1_323' title='bbox 1413 3787 1475 3851; x_wconf 73' lang='lat' dir='ltr'>den</span> <span class='ocrx_word' id='word_1_324' title='bbox 1508 3785 1624 3852; x_wconf 63' lang='lat' dir='ltr'>Seleia!-</span> 
     </span>
     <span class='ocr_line' id='line_1_38' title="bbox 362 3875 1625 3959; baseline -0.002 -19"><span class='ocrx_word' id='word_1_325' title='bbox 362 3877 493 3958; x_wconf 69' lang='lat' dir='ltr'>spmcb,</span> <span class='ocrx_word' id='word_1_326' title='bbox 528 3878 589 3940; x_wconf 84' lang='lat' dir='ltr'>dea</span> <span class='ocrx_word' id='word_1_327' title='bbox 631 3875 757 3959; x_wconf 75' lang='lat' dir='ltr'>liudolf</span> <span class='ocrx_word' id='word_1_328' title='bbox 783 3877 901 3942; x_wconf 68' lang='lat' dir='ltr'>soant</span> <span class='ocrx_word' id='word_1_329' title='bbox 933 3898 993 3940; x_wconf 84' lang='lat' dir='ltr'>oca</span> <span class='ocrx_word' id='word_1_330' title='bbox 1025 3877 1155 3942; x_wconf 79' lang='lat' dir='ltr'>Soulcck</span> <span class='ocrx_word' id='word_1_331' title='bbox 1184 3897 1247 3940; x_wconf 80' lang='lat' dir='ltr'>aas</span> <span class='ocrx_word' id='word_1_332' title='bbox 1285 3877 1519 3957; x_wconf 67' lang='lat' dir='ltr'>Veaaumq</span> <span class='ocrx_word' id='word_1_333' title='bbox 1546 3876 1625 3938; x_wconf 70' lang='lat' dir='ltr'>aas</span> 
     </span>
     <span class='ocr_line' id='line_1_39' title="bbox 363 3964 1623 4048; baseline -0.003 -18"><span class='ocrx_word' id='word_1_334' title='bbox 363 3965 488 4031; x_wconf 64' lang='lat' dir='ltr'>&amp;ratas</span> <span class='ocrx_word' id='word_1_335' title='bbox 517 3966 667 4030; x_wconf 65' lang='lat' dir='ltr'>easdam</span> <span class='ocrx_word' id='word_1_336' title='bbox 694 3966 762 4029; x_wconf 72' lang='lat' dir='ltr'>den</span> <span class='ocrx_word' id='word_1_337' title='bbox 789 3965 916 4031; x_wconf 76' lang='lat' dir='ltr'>Klostcr</span> <span class='ocrx_word' id='word_1_338' title='bbox 937 3965 1043 4048; x_wconf 68' lang='lat' dir='ltr'>Plcide</span> <span class='ocrx_word' id='word_1_339' title='bbox 1068 3967 1138 4030; x_wconf 75' lang='lat' dir='ltr'>aad</span> <span class='ocrx_word' id='word_1_340' title='bbox 1167 3967 1228 4030; x_wconf 65' lang='lat' dir='ltr'>dot</span> <span class='ocrx_word' id='word_1_341' title='bbox 1249 3965 1375 4030; x_wconf 74' lang='lat' dir='ltr'>Rtuem</span> <span class='ocrx_word' id='word_1_342' title='bbox 1395 3965 1534 4030; x_wconf 81' lang='lat' dir='ltr'>Euerhcr</span> <span class='ocrx_word' id='word_1_343' title='bbox 1556 3964 1623 4026; x_wconf 72' lang='lat' dir='ltr'>aaut</span> 
     </span>
     <span class='ocr_line' id='line_1_40' title="bbox 361 4055 1624 4138; baseline -0.002 -20"><span class='ocrx_word' id='word_1_344' title='bbox 361 4055 530 4119; x_wconf 81' lang='lat' dir='ltr'>Herrnaaa</span> <span class='ocrx_word' id='word_1_345' title='bbox 557 4059 647 4119; x_wconf 77' lang='lat' dir='ltr'>sowic</span> <span class='ocrx_word' id='word_1_346' title='bbox 674 4057 797 4119; x_wconf 74' lang='lat' dir='ltr'>anderu</span> <span class='ocrx_word' id='word_1_347' title='bbox 817 4055 967 4138; x_wconf 61' lang='lat' dir='ltr'>Boea-n</span> <span class='ocrx_word' id='word_1_348' title='bbox 994 4077 1053 4121; x_wconf 82' lang='lat' dir='ltr'>von</span> <span class='ocrx_word' id='word_1_349' title='bbox 1076 4056 1296 4138; x_wconf 64' lang='lat' dir='ltr'>&amp;recessurus</span> <span class='ocrx_word' id='word_1_350' title='bbox 1319 4055 1430 4137; x_wconf 73' lang='lat' dir='ltr'>qcfdllt</span> <span class='ocrx_word' id='word_1_351' title='bbox 1456 4057 1527 4132; x_wconf 67' lang='lat' dir='ltr'>leot,</span> <span class='ocrx_word' id='word_1_352' title='bbox 1550 4055 1624 4116; x_wconf 75' lang='lat' dir='ltr'>dass</span> 
     </span>
     <span class='ocr_line' id='line_1_41' title="bbox 361 4143 1622 4212; baseline -0.003 -4"><span class='ocrx_word' id='word_1_353' title='bbox 361 4146 421 4208; x_wconf 81' lang='lat' dir='ltr'>dos</span> <span class='ocrx_word' id='word_1_354' title='bbox 448 4144 570 4210; x_wconf 76' lang='lat' dir='ltr'>Klostcr</span> <span class='ocrx_word' id='word_1_355' title='bbox 605 4146 664 4208; x_wconf 83' lang='lat' dir='ltr'>dos</span> <span class='ocrx_word' id='word_1_356' title='bbox 692 4145 789 4210; x_wconf 68' lang='lat' dir='ltr'>Reus</span> <span class='ocrx_word' id='word_1_357' title='bbox 813 4146 919 4212; x_wconf 73' lang='lat' dir='ltr'>beaitat</span> <span class='ocrx_word' id='word_1_358' title='bbox 941 4165 1014 4212; x_wconf 69' lang='lat' dir='ltr'>aum</span> <span class='ocrx_word' id='word_1_359' title='bbox 1042 4147 1173 4212; x_wconf 69' lang='lat' dir='ltr'>saara</span> <span class='ocrx_word' id='word_1_360' title='bbox 1199 4148 1300 4210; x_wconf 73' lang='lat' dir='ltr'>seinos</span> <span class='ocrx_word' id='word_1_361' title='bbox 1331 4145 1432 4209; x_wconf 64' lang='lat' dir='ltr'>Getae</span> <span class='ocrx_word' id='word_1_362' title='bbox 1457 4148 1491 4208; x_wconf 80' lang='lat' dir='ltr'>in</span> <span class='ocrx_word' id='word_1_363' title='bbox 1526 4143 1622 4210; x_wconf 77' lang='lat' dir='ltr'>Vebru</span> 
     </span>
     <span class='ocr_line' id='line_1_42' title="bbox 359 4234 1120 4316; baseline 0.003 -18"><span class='ocrx_word' id='word_1_364' title='bbox 359 4255 454 4316; x_wconf 75' lang='lat' dir='ltr'>pepon</span> <span class='ocrx_word' id='word_1_365' title='bbox 474 4235 526 4298; x_wconf 76' lang='lat' dir='ltr'>die</span> <span class='ocrx_word' id='word_1_366' title='bbox 549 4234 682 4300; x_wconf 70' lang='lat' dir='ltr'>Umuat</span> <span class='ocrx_word' id='word_1_367' title='bbox 702 4236 793 4300; x_wconf 71' lang='lat' dir='ltr'>choen</span> <span class='ocrx_word' id='word_1_368' title='bbox 814 4235 931 4300; x_wconf 86' lang='lat' dir='ltr'>Damm</span> <span class='ocrx_word' id='word_1_369' title='bbox 949 4254 991 4301; x_wconf 68' lang='lat' dir='ltr'>aa</span> <span class='ocrx_word' id='word_1_370' title='bbox 1010 4236 1120 4300; x_wconf 77' lang='lat' dir='ltr'>bauan.</span> 
     </span>
    </p>
   </div>
   <div class='ocr_carea' id='block_1_8' title="bbox 470 4373 1560 4549">
    <p class='ocr_par' dir='ltr' id='par_1_8' title="bbox 470 4373 1560 4549">
     <span class='ocr_line' id='line_1_43' title="bbox 472 4373 984 4444; baseline 0 -17"><span class='ocrx_word' id='word_1_371' title='bbox 472 4373 608 4429; x_wconf 53' lang='lat' dir='ltr'>Hdaclas</span> <span class='ocrx_word' id='word_1_372' title='bbox 628 4373 657 4428; x_wconf 89' lang='lat' dir='ltr'><em>D</em></span> <span class='ocrx_word' id='word_1_373' title='bbox 670 4379 705 4429; x_wconf 88' lang='lat'>37</span> <span class='ocrx_word' id='word_1_374' title='bbox 723 4376 775 4444; x_wconf 73' lang='lat' dir='ltr'>(tit.</span> <span class='ocrx_word' id='word_1_375' title='bbox 794 4375 869 4439; x_wconf 89' lang='lat' dir='ltr'>Ver).</span> <span class='ocrx_word' id='word_1_376' title='bbox 893 4373 984 4428; x_wconf 80' lang='grc' dir='ltr'><strong>Τ146.</strong></span> 
     </span>
     <span class='ocr_line' id='line_1_44' title="bbox 470 4477 1560 4549; baseline -0.004 -15"><span class='ocrx_word' id='word_1_377' title='bbox 470 4480 598 4534; x_wconf 69' lang='lat' dir='ltr'>Deae.-</span> <span class='ocrx_word' id='word_1_378' title='bbox 620 4479 749 4548; x_wconf 74' lang='lat' dir='ltr'>Lepaiua,</span> <span class='ocrx_word' id='word_1_379' title='bbox 768 4479 879 4534; x_wconf 77' lang='lat' dir='ltr'>Raima</span> <span class='ocrx_word' id='word_1_380' title='bbox 896 4479 922 4534; x_wconf 85' lang='lat' dir='ltr'>d.</span> <span class='ocrx_word' id='word_1_381' title='bbox 942 4478 1110 4549; x_wconf 71' lang='lat' dir='ltr'>Rudeltburp</span> <span class='ocrx_word' id='word_1_382' title='bbox 1127 4484 1169 4534; x_wconf 83' lang='lat'>77.</span> <span class='ocrx_word' id='word_1_383' title='bbox 1205 4479 1340 4534; x_wconf 77' lang='lat' dir='ltr'>Deutmh:</span> <span class='ocrx_word' id='word_1_384' title='bbox 1365 4477 1502 4547; x_wconf 66' lang='lat' dir='ltr'>&#39;WolffIL</span> <span class='ocrx_word' id='word_1_385' title='bbox 1521 4479 1560 4530; x_wconf 73' lang='lat' dir='ltr'>at.</span> 
     </span>
    </p>
   </div>
   <div class='ocr_carea' id='block_1_9' title="bbox 400 4603 1618 4684">
    <p class='ocr_par' dir='ltr' id='par_1_9' title="bbox 400 4603 1618 4684">
     <span class='ocr_line' id='line_1_45' title="bbox 400 4603 1618 4684; baseline -0.007 -12"><span class='ocrx_word' id='word_1_386' title='bbox 400 4606 436 4672; x_wconf 95' lang='lat' dir='ltr'>Iu</span> <span class='ocrx_word' id='word_1_387' title='bbox 472 4609 601 4670; x_wconf 90' lang='lat' dir='ltr'>nomine</span> <span class='ocrx_word' id='word_1_388' title='bbox 633 4614 741 4670; x_wconf 85' lang='lat' dir='ltr'>sancte</span> <span class='ocrx_word' id='word_1_389' title='bbox 773 4612 804 4674; x_wconf 87' lang='lat' dir='ltr'>et</span> <span class='ocrx_word' id='word_1_390' title='bbox 834 4607 1000 4670; x_wconf 84' lang='lat' dir='ltr'>individue</span> <span class='ocrx_word' id='word_1_391' title='bbox 1031 4607 1188 4671; x_wconf 88' lang='lat' dir='ltr'>trinitatis.</span> <span class='ocrx_word' id='word_1_392' title='bbox 1239 4607 1411 4672; x_wconf 85' lang='lat' dir='ltr'>Heinricus</span> <span class='ocrx_word' id='word_1_393' title='bbox 1443 4607 1490 4669; x_wconf 89' lang='lat' dir='ltr'>dei</span> <span class='ocrx_word' id='word_1_394' title='bbox 1521 4603 1618 4684; x_wconf 83' lang='lat' dir='ltr'>gratia</span> 
     </span>
    </p>
   </div>
   <div class='ocr_carea' id='block_1_10' title="bbox 0 0 1710 5146">
    <p class='ocr_par' dir='ltr' id='par_1_10' title="bbox 0 0 1710 5146">
     <span class='ocr_line' id='line_1_46' title="bbox 0 0 1710 5146; baseline 0 6"><span class='ocrx_word' id='word_1_395' title='bbox 0 0 1710 5146; x_wconf 95' lang='lat' dir='ltr'> </span> 
     </span>
    </p>
   </div>
  </div>
 </body>
</html>
