3410 5146
589 387 762 446 Nr.et-et.
782 383 858 441 1226.
957 441 960 448 ,
1323 385 1374 442 its

86 549 177 630 sepius
197 545 380 630 emergebat
404 547 488 612 inter
508 543 721 610 venerabilem
750 543 897 608 abbatem
925 548 957 606 et
983 547 1176 606 conventum
1202 539 1373 607 Fortenses

85 637 300 718 cysterciensis
330 639 452 703 ordinis
483 659 523 703 ex
554 657 619 702 uno
647 641 735 720 porte
770 643 802 700 et
833 636 1019 718 magistrum
1055 639 1087 699 et
1114 635 1228 700 henes
1259 637 1373 702 domus

83 730 231 812 hospitalis
259 735 367 794 sancte
394 730 495 794 Mario
515 730 783 794 Theutouioorum
811 727 844 790 iu
867 725 1062 792 Borseudori
1091 745 1133 790 ox
1157 726 1256 790 ultera
1282 747 1373 792 occe·

83 821 158 883 sione
180 822 351 886 vicinitatis
372 823 512 904 gmngie
535 841 630 902 quum
654 822 883 886 monesterium
898 821 1052 884 Portense
1073 821 1169 884 hebet
1185 822 1220 883 iu
1235 821 1373 887 Bursen-

84 909 163 992 dorp,
194 917 226 976 et
251 913 379 989 domus,
410 931 505 996 quem
533 912 648 976 homes
676 911 840 994 hospitalis
866 911 998 994 predicti
1032 911 1149 974 habent
1176 912 1309 991 ibidem,
1341 921 1373 978 et

83 1003 252 1066 occasione·
280 1004 516 1086 possessionum
544 1004 765 1080 contiguarum
790 1003 867 1066 hino
892 1001 967 1065 inde
987 1002 1086 1066 irater
1106 1001 1311 1068 Hermennus
1332 1005 1371 1069 dc

83 1090 173 1164 sun.
202 1095 304 1156 maior
332 1095 483 1175 magister
515 1095 679 1177 hospitalis
705 1095 833 1179 profati,
863 1093 1024 1176 predium.
1057 1093 1142 1174 quod
1165 1093 1309 1197 'habebut
1338 1097 1371 1158 in

82 1181 287 1266 Borseudorp,
312 1184 352 1248 de
378 1185 512 1248 oonsilio
532 1185 667 1249 frutmm
686 1205 816 1250 suorum
839 1183 1019 1247 vendiderit
1040 1189 1071 1246 et
1092 1183 1279 1288 tradideritb
1297 1205 1371 1250 cum

82 1274 161 1340 oreis.
182 1273 326 1348 edificiis
347 1276 440 1356 agris,
461 1277 572 1342 vincis.
594 1276 692 1348 silvis,
712 1275 859 1354 solistim,
881 1273 1021 1358 pascuis,
1042 1274 1199 1344 piscarius.
1215 1293 1368 1378 equorum

81 1363 269 1442 decursibus,
297 1365 471 1440 montibus,
497 1367 632 1430 collibus
658 1373 690 1430 ct
714 1367 865 1440 vallibus,
893 1365 954 1428 viis
983 1367 1014 1428 et
1042 1365 1138 1428 inviis
1159 1363 1370 1470 omnibusque

79 1455 137 1516 suis
156 1455 356 1536 pertinentiis
377 1461 501 1520 tentum
522 1456 640 1520 ibidem
663 1457 744 1522 sitis.
765 1455 909 1535 exceptis
926 1454 1075 1518 omnibus
1095 1456 1215 1518 mensis
1236 1461 1272 1559 et·
1288 1457 1372 1519 redu-

79 1543 173 1606 tibus⁴
198 1551 289 1609 extro
316 1547 469 1610 terminos
497 1547 630 1626 predicti
659 1547 762 1626 predii
790 1545 865 1610 olibi
888 1546 970 1614 sitis.
990 1563 1071 1626 qnos
1092 1544 1203 1608 usibus
1225 1565 1291 1608 suls
1314 1566 1371 1611 ex-

78 1653 174 1714 presse
195 1635 333 1706 retinuit
354 1636 460 1700 abbati
482 1643 513 1700 et
534 1636 926 1701 conventuiPortensibus
947 1636 1052 1718 precio
1072 1636 1316 1739 quiugentorum
1340 1643 1371 1741 et

77 1724 179 1802 viginti
210 1745 402 1803 morcarum,
434 1733 557 1791 retenta
585 1729 737 1810 pensione
767 1745 883 1790 novom
910 1745 1089 1790 morcarum
1116 1726 1250 1802 singulus
1278 1747 1371 1792 onnus

77 1819 142 1878 onte
161 1816 276 1880 festum
298 1823 496 1892 pentecostes
516 1818 727 1901 persolvendo
748 1817 786 1880 ad
809 1822 935 1892 tempus
957 1817 1021 1880 vite
1038 1835 1094 1880 sue
1111 1815 1210 1879 nobili
1225 1821 1369 1921 metrone

76 1903 151 1968 Iutte
181 1905 220 1970 de
251 1905 452 1971 Wildenuels
484 1913 516 1972 et
546 1915 668 1974 corruta
701 1909 768 1971 vini
801 1907 907 1970 dende
940 1906 1073 1988 singulis
1100 1907 1192 1969 aunis
1219 1913 1369 1988 magistro

75 1991 199 2058 Iohanni
237 1997 391 2060 canonico
418 1995 656 2078 Mersburgeosi
687 2004 719 2063 ot
745 1996 867 2072 addite,
898 1995 982 2074 cuod
1010 1995 1108 2060 ebbos
1139 2002 1171 2060 et
1192 2001 1369 2102 conventus

75 2085 178 2163 pretsti
204 2085 243 2149 de
268 2085 426 2152 stucfibus
449 2091 686 2164 possessionum
721 2090 860 2171 ipsarum
893 2087 1019 2150 duobus
1050 2085 1281 2165 sacerdotibus,
1313 2107 1369 2191 um

75 2171 210 2252 dysoono
237 2181 270 2240 et
296 2177 387 2241 elteri
415 2178 636 2258 subdyacono,
662 2177 800 2242 debeant
820 2178 1001 2260 providere,
1026 2183 1161 2258 unoque
1182 2196 1256 2280 pers
1276 2176 1369 2281 nobis

76 2261 227 2329 humiliter
251 2265 455 2350 supplicavit,
480 2273 516 2332 ut
540 2273 740 2334 contractum
764 2269 870 2350 ipsum
891 2268 1096 2348 dignaremur
1116 2268 1369 2331 confirmationis

75 2358 172 2418 nostre
192 2357 370 2420 munimine
391 2357 550 2424 roborare.
591 2359 659 2424 Nos
679 2379 757 2424 vero
778 2359 962 2438 diligentius
983 2357 1191 2434 attendentes,
1213 2363 1368 2461 quantum

75 2443 191 2525 utrique
219 2447 301 2530 porti
326 2452 508 2512 contractus
534 2450 685 2532 expediet
708 2454 741 2514 et
764 2451 797 2512 in
824 2449 993 2512 utilitatem
1019 2448 1189 2550 utriusque
1208 2453 1307 2550 pertus
1328 2453 1369 2512 srt

73 2535 275 2602 communiter
299 2536 491 2610 celebratus.
519 2539 625 2622 ipsum
652 2545 850 2604 contractum
878 2537 1063 2602 auctoritate
1090 2537 1283 2640 legeorum,¹
1305 2558 1369 2620 que

74 2619 242 2698 fungimur,
273 2625 502 2692 confirmemus
530 2634 562 2692 et
593 2631 750 2712 presentis
779 2629 887 2711 scripti
918 2627 1092 2712 patrocinio
1124 2647 1368 2730 eommummus.

72 2709 152 2774 Nulli
172 2731 247 2796 ergo
269 2717 399 2780 omniuo
418 2717 585 2782 hominum
606 2719 700 2784 liceat
720 2720 802 2782 hunc
822 2719 970 2800 paginam
987 2723 1093 2780 nostre
1110 2717 1368 2782 confumnacroms

71 2797 236 2886 infringere
257 2803 309 2869 vel
329 2806 359 2868 ei
380 2826 459 2872 ausu
482 2810 650 2873 temerario
672 2810 838 2872 contraire.
879 2807 912 2872 Si
940 2808 1012 2888 quus
1038 2811 1144 2870 curtem
1169 2807 1230 2908 troo
1256 2812 1367 2871 attem-

71 2895 152 2968 ptare
173 2897 408 2977 presumpserit
428 2897 680 2978 indignationem
701 2899 927 2982 omnipotentis
948 2897 1001 2961 dei
1022 2917 1055 2960 se
1076 2901 1202 2960 noverit
1220 2916 1367 2998 incursu-

71 2997 146 3042 rum.
173 2981 290 3048 Datum
312 2984 442 3052 Mantus
464 3006 548 3052 enno
569 2988 689 3052 domiui
710 2996 986 3065 M⁰CG⁰XX⁰V1⁰2
1007 2985 1105 3072 torcio
1126 3005 1228 3049 nones
1243 2985 1335 3050 [unu.

137 3105 289 3162 'wdone
307 3107 337 3161 D
390 3100 546 3166 bvendidit
562 3118 591 3166 et
608 3109 771 3166 truditur
818 3109 1015 3165 οειιΙὶοοῐὶεΤ
1063 3099 1295 3165 ‘redditibusT

599 3259 848 3268 ——--—--—

69 3361 176 3447 1226.
201 3369 310 3453 Jnnt
337 3365 375 3453 5.
400 3369 592 3456 iltutus.
1296 3371 1350 3453 96

144 3497 207 3565 Dor
227 3503 472 3586 Kordinoiiepot
490 3505 640 3585 Kourod,
663 3507 800 3590 Bisohof
813 3529 871 3574 voc
893 3507 1001 3586 Porto,
1022 3508 1130 3589 befreit
1150 3509 1258 3590 Pforte
1278 3505 1365 3570 ttrit-

104 3591 191 3656 recise
217 3613 276 3657 oon
301 3593 357 3658 der
384 3594 618 3678 Verpflioittcop
637 3598 713 3664 zwei
736 3598 901 3664 Geistiicte
921 3597 956 3662 iu
980 3597 1186 3679 Porstotdors
1200 3617 1241 3662 so
1261 3595 1366 3660 tultos

101 3683 195 3832 ff
218 3681 277 3835 dg
294 3681 500 3768 Redonum,
527 3687 603 3752 dass
630 3687 851 3754 ninneton
879 3687 932 3754 dos
950 3687 1093 3754 Kdostcrs
1117 3689 1208 3754 ciuem
1236 3685 1365 3752 Todtcu·

170 3791 238 3834 rer
277 3791 325 3836 ue.

211 3907 346 3968 Bam:
364 3903 455 3967 D19³
472 3913 524 3980 (tit.
544 3913 729 3986 Borsendoro.
751 3908 860 3974 TW.

212 4011 324 4068 Druck:
341 4013 475 4071 Dmoct:
498 4017 637 4088 WolffII,
655 4025 680 4078 5.
722 4021 778 4091 Vqr
801 4021 910 4078 Forenti.
928 4041 949 4078 z.
968 4024 1084 4079 otmunt.
1098 4031 1190 4086 Gesct.
1206 4033 1268 4101 XI,
1287 4037 1346 4091 632.

140 4137 307 4206 Ovnmdus
332 4141 534 4208 miseratione
555 4145 861 4216 divinoPortuensis
877 4158 909 4216 et
929 4162 1038 4220 sancto
1054 4156 1170 4222 Rufino
1189 4161 1364 4244 episcopus,

60 4227 231 4308 apostolice
246 4229 330 4294 sedis
344 4231 477 4313 legatus,
498 4234 622 4300 dilectis
632 4237 664 4299 in
679 4238 803 4304 Christo
815 4240 921 4306 abbati
932 4249 964 4307 et
973 4249 1145 4310 conventui
1157 4248 1364 4316 Portonsibus

61 4313 289 4396 Cysterciensis
322 4321 441 4386 ordinis
472 4323 605 4388 sulutem
634 4327 667 4389 in
694 4325 818 4393 Christo
845 4331 949 4395 Ihosu.
996 4333 1084 4400 Licet
1108 4338 1223 4402 iratres
1249 4340 1363 4406 domus

61 4405 225 4490 hospitalis
244 4415 352 4474 sancte
365 4409 466 4476 Morio
479 4411 746 4480 Theutonioorunr
769 4425 954 4506 tenerentur
974 4424 1007 4485 in
1029 4426 1150 4510 capella
1172 4427 1210 4491 de
1226 4429 1363 4494 Bursen-

61 4493 130 4558 dori
151 4495 279 4562 duobus
298 4501 529 4581 sacerdotibus,
553 4507 608 4567 uui
629 4506 774 4588 dyacono
796 4515 828 4572 et
849 4511 939 4574 alteri
960 4513 1180 4596 subdyacono,
1196 4520 1362 4601 providere

61 4597 89 4648 et
109 4605 183 4664 ros,
213 4588 265 4668 qui
292 4589 325 4652 in
346 4591 490 4658 eiusdem
510 4593 571 4658 loci
593 4597 712 4680 prediis
733 4605 765 4661 et
785 4600 907 4684 ospello
925 4603 1044 4668 eisdem
1064 4605 1216 4672 menibus
1237 4629 1362 4676 succes-
