3442 5148
679 387 729 442 Nr.
740 389 764 446 3.
786 388 861 443 1140.
1399 393 1415 446 5

105 538 272 602 voluntate
312 537 442 620 gloriosi
477 539 562 620 regis
598 536 758 601 Ounradi³
799 544 831 600 et
870 539 1051 622 principum
1092 541 1250 622 simulque
1281 543 1416 605 fratrum

104 637 290 691 nostrorum
337 627 642 710 Nnenburgensium
693 631 919 692 canonicorum
968 631 1152 694 Portensem
1195 632 1300 695 lacurn
1342 652 1416 694 cum

72 781 78 796 ,
105 717 257 781 omnibus
283 718 479 801 appendiciis
505 719 584 797 suis,
618 719 712 781 cultis
741 723 773 781 et
803 719 940 800 incultis,
971 721 1032 783 viis
1064 727 1096 783 et
1120 722 1229 796 inviis,
1261 723 1359 804 pratis
1385 727 1417 785 et

104 809 272 892 paschuis,
304 808 349 872 eis
381 808 574 871 contulimus
603 827 641 871 eo
671 813 794 886 tenore,
825 815 862 872 ut
895 810 1094 874 Zrnolnensis
1124 812 1213 874 locus
1244 831 1318 874 cuni
1350 813 1416 876 suis

104 898 305 982 appendiciis
332 899 393 961 iuri
425 905 534 961 nostro
569 917 855 978 successorumque
882 905 1064 963 nostrorum
1094 901 1186 964 cedat
1216 921 1272 983 pro
1303 902 1416 964 eodem

104 989 256 1052 Portcnsi
276 988 356 1066 loco,
378 1007 474 1069 quem
495 989 541 1052 sic
561 988 793 1051 nominandum
814 1007 855 1051 ex
877 989 998 1052 domini
1018 991 1198 1054 Innocentii
1218 1009 1300 1074 pape
1320 992 1416 1074 privi.

103 1077 190 1160 legio
202 1077 323 1140 eisdem
335 1077 486 1140 fratribus
497 1078 570 1140 dato
586 1079 775 1160 accepimus,
792 1079 884 1141 ciuus
900 1080 1086 1144 auctoritate
1097 1080 1182 1144 idem
1195 1080 1416 1143 concambium

103 1169 327 1231 confirmatur.
368 1167 409 1229 nt
429 1169 504 1248 quia
527 1167 620 1250 longe
642 1167 811 1250 ampliores
833 1175 865 1230 et
885 1169 1077 1252 copiosiores
1105 1175 1180 1232 sunt
1200 1172 1416 1253 possessiones

103 1257 242 1341 predicti
275 1253 473 1320 Zmblnensis
507 1257 569 1322 loci
610 1277 705 1340 quam
737 1257 813 1338 hee,
857 1276 936 1338 quas
974 1261 1006 1322 in
1040 1259 1217 1322 concambii
1250 1265 1415 1323 contractu

103 1349 256 1412 Portensi
278 1347 414 1428 ecclesie
434 1346 642 1423 contulimus
673 1347 799 1409 iusticia
819 1347 968 1428 exigente
991 1348 1206 1428 decrevimus
1238 1354 1274 1412 ut
1299 1361 1331 1412 et
1357 1369 1416 1412 nos

103 1447 135 1502 et
160 1457 273 1502 omues
295 1437 394 1500 nostri
420 1457 620 1501 successores
647 1437 749 1500 modis
781 1438 931 1518 congruis
962 1444 993 1502 et
1024 1445 1180 1521 oportuno
1209 1445 1350 1523 ternpore
1377 1439 1416 1503 de

103 1527 363 1612 possessionibus
394 1527 529 1606 ecclesie
560 1533 592 1590 et
625 1525 717 1588 bouis
749 1526 950 1608 episcopatus
989 1529 1089 1591 nostri
1124 1529 1192 1592 sine
1226 1529 1416 1610 cuiusquam

102 1617 358 1682 contradictione
369 1637 427 1680 seu
442 1615 662 1700 prohibitione,
684 1616 770 1696 quod
785 1617 891 1680 minus
906 1616 1098 1692 factumest,
1120 1617 1266 1682 Portensi
1280 1618 1416 1701 ecclesie,

103 1708 256 1791 supplere
277 1726 403 1790 semper
421 1707 456 1769 in
478 1713 639 1788 posterum
662 1706 855 1770 studeamus.
903 1705 988 1788 Sane,
1014 1709 1089 1788 quia
1111 1709 1290 1791 predictum
1312 1705 1415 1771 Zmbl-

103 1817 206 1860 ucnse
242 1795 412 1860 cenobium
439 1796 473 1856 in
502 1794 604 1858 libera
636 1795 826 1877 proprietate
863 1815 882 1858 a
911 1795 1011 1859 libero
1041 1802 1260 1860 constructum
1288 1799 1415 1862 homine

103 1887 290 1950 omnimoda
311 1885 456 1949 libertate
476 1884 616 1967 vigebat,
638 1885 771 1948 eandem
793 1885 828 1947 in
850 1886 997 1948 omnibus
1023 1886 1201 1950 libertatem
1229 1907 1303 1970 sepe
1331 1887 1415 1950 dicto

103 1977 255 2041 Portensi
286 1975 419 2038 cenobio
457 1974 652 2037 indulsimus
691 1981 910 2056 precaventes,
952 1995 992 2039 ne
1035 1977 1107 2056 quis
1143 1978 1323 2060 principum
1367 1977 1416 2040 vel

104 2085 329 2130 successorum
350 2070 532 2127 nostrorum
553 2063 632 2126 iuris
655 2064 817 2147 quippiam
838 2065 872 2127 in
894 2067 940 2130 eis
956 2066 1007 2130 vel
1029 2086 1139 2130 eorum
1161 2067 1416 2150 possessionibus

103 2158 137 2219 in
160 2161 325 2240 posterum
346 2153 405 2217 sibi
429 2154 614 2218 vendicaret
626 2155 736 2234 eisque
750 2173 922 2236 gravamen
934 2155 1159 2237 quodcumque
1180 2156 1320 2234 inferret,
1342 2175 1416 2220 cum

104 2249 202 2310 etiam
223 2249 310 2308 totus
332 2243 409 2306 ordo
432 2243 662 2324 Oystercicusis
692 2244 879 2308 auctoritate
907 2253 939 2310 et
964 2245 1139 2328 privilegiis
1170 2246 1415 2330 apostolicorum

105 2335 237 2419 speciali
259 2333 396 2416 gaudeat
416 2331 569 2396 libertate.
619 2333 841 2398 Possessiones
869 2354 944 2398 voro
967 2337 1150 2400 monasterii
1171 2336 1334 2400 Porteusis
1355 2337 1416 2417 heq

105 2431 195 2488 sunt:
219 2422 352 2506 grangia
371 2421 527 2500 Lochwiz,
549 2423 682 2504 grangia
702 2422 828 2488 Cuseno
849 2444 923 2488 cum
945 2425 1093 2488 omnibus
1114 2426 1309 2508 appendiciis
1331 2426 1415 2490 deci-

106 2515 232 2594 misque
254 2513 404 2596 ipsarum,
425 2511 574 2575 adiacens
594 2512 675 2574 silva
697 2515 832 2598 propriis
852 2515 996 2578 terminis
1018 2516 1195 2598 designata,
1216 2515 1415 2598 longitudine

106 2603 258 2666 n'delicet
279 2622 299 2663 a
318 2606 458 2664 torrente
482 2600 565 2663 ultra
581 2599 742 2665 Ookolov4
764 2622 867 2685 usque
888 2604 929 2666 ad
950 2606 1117 2686 antiquum
1132 2625 1281 2689 aggerem
1295 2605 1415 2668 Alden·

105 2692 316 2775 burgensium
324 2691 347 2770 ,⁵
386 2710 480 2773 porro
512 2689 679 2754 latitudine
713 2692 753 2754 ab
788 2693 856 2776 ipso
893 2694 1027 2758 cenobio
1060 2715 1160 2776 usque
1191 2695 1230 2758 ad
1262 2695 1414 2759 terminos

106 2779 407 2860 Hollandcnsiuml,
427 2779 648 2844 molendinum
670 2801 744 2844 cnm
766 2801 850 2865 aque,
870 2783 1029 2847 decursul
1051 2791 1083 2848 ct
1098 2784 1188 2848 alveo
1205 2785 1314 2867 ipsius,
1336 2804 1415 2848 usus

105 2872 320 2954 piscationum
336 2889 394 2934 scu
415 2870 549 2932 aliarum
572 2872 840 2936 consuetudinum
861 2873 895 2935 in
916 2873 1016 2936 fluuio
1039 2873 1120 2954 Sala,
1143 2875 1199 2938 sed
1215 2879 1247 2938 et
1260 2875 1416 2937 terminus

106 2961 319 3026 meridianam
338 2959 511 3042 respiciens
533 2958 659 3041 plagam
680 2979 698 3022 a
718 2962 840 3044 prefato
862 2963 952 3026 alveo
979 2963 1062 3026 ultra
1082 2963 1288 3046 supercilium
1299 2964 1416 3026 montis

107 3051 244 3134 oppositi
273 3069 307 3113 se
328 3048 473 3112 extendit
493 3054 526 3112 et
548 3069 650 3130 usque
672 3051 711 3112 ad
731 3053 889 3130 semitam,
916 3072 981 3134 quq
1003 3052 1270 3116 Hollandcnsium
1291 3053 1416 3129 dicitur,

108 3139 286 3223 pervenit.⁸
340 3137 372 3201 si
402 3158 466 3219 qua
490 3139 588 3218 igitur
615 3139 698 3202 bona
718 3159 775 3222 per
796 3161 996 3206 successores
1017 3149 1143 3206 nostros
1164 3161 1221 3206 seu
1243 3162 1300 3225 per
1322 3162 1415 3224 quos-

107 3231 186 3294 libet
206 3229 320 3294 fideles
340 3231 426 3310 iustq
451 3228 555 3292 oblata
586 3229 730 3311 predicte
754 3230 890 3312 ecclesie
915 3238 946 3295 ct
974 3232 1090 3295 collata
1113 3233 1247 3310 inerim,
1273 3231 1324 3295 vel
1353 3249 1418 3314 quq

107 3321 172 3404 ipsi
198 3321 313 3384 iratres
343 3320 427 3382 iusto
455 3318 557 3400 tytulo
587 3323 619 3382 et
644 3319 812 3382 bonafide
839 3322 1082 3402 conquisierint,
1109 3322 1208 3385 officii
1235 3322 1336 3385 nostri
1361 3341 1416 3384 au·

107 3409 254 3472 ctoritate
270 3427 329 3472 nos
345 3407 392 3472 eis
413 3408 641 3471 confirmamus
662 3409 806 3491 districte
827 3429 884 3494 per
906 3411 1121 3492 ecclesiastice
1141 3429 1278 3490 censure
1299 3411 1417 3474 severi·

108 3504 207 3562 tatem
228 3505 260 3562 et
281 3499 378 3561 thrini
397 3498 508 3561 iudicii
529 3499 838 3564 animaduersionem
852 3500 1064 3582 prohibentes,
1079 3521 1119 3564 ne
1133 3521 1196 3582 qua
1209 3503 1415 3584 inposterum

108 3589 326 3652 ecclesiastica
346 3588 538 3652 secularisve
559 3607 695 3671 persona
721 3609 795 3673 sepo
821 3590 923 3654 dictos
948 3591 1062 3655 iratres
1083 3611 1140 3676 per
1162 3591 1345 3654 violentiam
1365 3589 1417 3653 vel

109 3678 288 3758 quamlibet
308 3679 457 3741 iniuriam
484 3678 600 3742 audeat
625 3677 778 3760 impetere
798 3679 851 3742 vel
872 3679 947 3742 huic
968 3683 1077 3760 nostre
1098 3681 1317 3744 constitutioni
1339 3699 1417 3760 quo·

108 3767 190 3831 libet
202 3769 414 3852 malignitatis
434 3787 551 3850 genere
575 3768 741 3831 contraire.
773 3767 818 3831 Ut
837 3769 935 3851 igitur
955 3770 1016 3850 hqo
1037 3775 1105 3832 rata
1126 3775 1158 3833 ct
1172 3771 1207 3832 in
1228 3774 1417 3852 perpetuum

108 3857 300 3921 inconvulsa
320 3864 540 3941 permaneant,
568 3863 748 3940 presentem
778 3858 895 3921 exinde
926 3860 1073 3941 paginam
1096 3860 1254 3923 conscribi
1275 3860 1419 3933 fecimus,

111 3965 220 4028 quamv
254 3947 358 4032 sigillo
403 3953 512 4010 nostro
559 3948 715 4028 signatam
760 3948 960 4028 ydoneorum
1008 3949 1138 4013 testium
1185 3949 1417 4032 subscriptione

110 4039 395 4116 communivimus,
432 4053 569 4118 quorum
607 4037 737 4100 nomina
775 4038 834 4119 bqo
877 4044 965 4102 sunt:
1009 4038 1211 4103 Reinhardus
1250 4039 1418 4122 episcopus

110 4127 395 4210 blerseburgensis,
415 4125 606 4190 Volcmarus
627 4125 725 4190 abbas
745 4127 1029 4210 Morseburgensis,
1049 4128 1221 4194 Bertoldus
1239 4129 1418 4212 prepositus

111 4216 389 4299 Nuenburgensis,
422 4216 635 4280 Theodericus
660 4217 814 4297 decanus,
845 4217 1019 4282 Heinricus
1051 4219 1237 4282 scolasticus
1264 4225 1296 4282 et
1321 4219 1418 4282 ceteri

112 4307 257 4370 canonici
278 4305 565 4389 NuenbnrgenseS,
587 4307 650 4369 Vto
675 4309 855 4390 prepositus
882 4307 1038 4388 Cicensis,
1064 4309 1238 4373 Bermarus
1269 4309 1418 4386 decanus,

111 4395 340 4474 Hartmaunus,
360 4397 549 4474 Heinrious,
570 4396 706 4460 Sitridus
727 4402 759 4460 et
779 4400 877 4461 ceteri
898 4400 1044 4463 canonici
1070 4400 1227 4478 Gicenses,
1249 4398 1418 4480 Gerungus

113 4485 211 4550 abbas
224 4483 440 4562 Bbzauiensis,
460 4485 636 4550 Reinoldus
652 4486 750 4550 abbas
764 4487 794 4550 N
797 4488 1038 4572 dasburgensis,
1058 4487 1223 4571 Lupoldus
1239 4488 1419 4570 prepositus

113 4575 334 4656 LusnicensiS‚
368 4575 574 4640 Burchardus
609 4578 788 4660 prepositus
819 4577 1096 4661 Nuenburgensis,
1133 4577 1217 4658 layci
1249 4577 1418 4641 Cunradus
