3402 5152
301 351 354 407 eor
496 409 499 416 ,
645 321 649 334 '
678 351 910 409 ufrmuennuen
927 353 976 408 ue
993 352 1119 410 utonem
1141 352 1242 408 prore.

300 503 366 567 Nos
397 503 562 570 conradus
590 505 640 568 dei
672 507 776 586 gracia
803 507 997 589 prepositus
1029 507 1236 570 Hernrannus
1271 505 1412 570 decanus
1443 509 1586 587 totumque

301 594 476 677 capitulum
509 594 639 658 ecclesie
664 596 693 658 N
698 596 929 680 neuburgensis
960 597 1000 661 ad
1030 603 1174 660 nostrum
1203 615 1395 660 consensum
1428 597 1587 678 exprimen-

289 686 377 762 ,dum
408 705 504 768 super
534 686 592 749 hac
620 689 851 770 permutatione
884 689 1021 768 presenti
1042 691 1157 772 scripto
1180 687 1275 750 etiam
1300 686 1440 768 sigillum
1462 691 1586 748 nostrum

301 777 467 839 duximus
483 776 714 860 apponendum.
757 779 838 840 Acta
869 783 945 840 sunt
974 778 1031 840 bec
1060 798 1144 842 anno
1176 779 1296 842 domini
1327 784 1537 853 M⁰ccc⁰tu⁰,
1561 777 1587 839 in

301 869 437 930 crastino
470 866 632 932 beatorum
663 873 840 947 martyrum
874 866 1049 930 Marcellini
1078 876 1109 932 ot
1137 869 1230 933 Petri.
1281 867 1388 932 Testes
1424 874 1499 931 sunt
1529 867 1589 930 Otto

302 957 340 1020 de
376 957 611 1038 Liohtenbayn,
654 959 839 1022 Guntherus
876 959 914 1021 de
952 958 1191 1044 Schonenberg,
1234 957 1363 1023 Vlricus
1398 958 1437 1022 de
1472 957 1591 1022 Gusorre

301 1047 426 1127 milites
447 1048 606 1112 Henricus
628 1049 666 1112 de
687 1048 919 1134 Sohonenberg,
947 1049 1156 1114 Erkinbertus
1178 1049 1364 1132 Geyleuuzb
1385 1055 1416 1112 et
1436 1047 1489 1110 alii
1510 1067 1591 1132 quam

301 1138 407 1220 plures
427 1138 490 1202 fide
511 1139 607 1221 digni.

371 1271 630 1343 ²Nuenburgensis
649 1273 678 1326 D
713 1249 914 1344 Nuemburgen
934 1275 960 1327 T
1027 1265 1184 1344 bGeyluuz
1205 1275 1231 1327 T

838 1449 872 1456 --
898 1449 1085 1456 ——-.—

303 1491 419 1573 1306.
446 1484 542 1573 dull
561 1493 598 1575 2.
743 1481 754 1496 ³
1037 1510 1042 1518 ‘
1515 1493 1599 1574 418.

381 1635 510 1719 Rardolf
524 1639 646 1703 Scirealc
665 1661 724 1704 ooo
749 1639 951 1721 Toulenburp
978 1641 1145 1718 lteleottdet,
1172 1641 1248 1704 dass
1277 1642 1344 1722 cus
1366 1640 1434 1704 eine
1459 1661 1515 1709 ooo
1542 1641 1602 1704 duan

340 1725 485 1791 erhebeee
516 1728 622 1810 Klupe
651 1730 724 1793 betr.
748 1731 945 1812 71l2Hcfen
971 1732 1006 1794 ic
1028 1729 1301 1807 Soclrseabuusea,
1334 1731 1386 1794 die
1414 1730 1482 1794 sein
1507 1729 1605 1794 Vettcr

341 1816 470 1897 Rrrdolf
489 1818 608 1883 Scbcalc
635 1840 693 1883 ocra
722 1820 931 1902 Kr'u'ferrzburp
963 1821 1031 1884 clera
1061 1821 1189 1884 Kloster
1217 1821 1323 1903 Psorte
1355 1820 1502 1900 oerkuuft
1530 1821 1606 1884 tube

339 1908 412 1988 (opt.
424 1907 484 1972 Nr.
498 1911 585 1990 367),
607 1910 742 1974 letaleres
751 1912 833 1975 caeli
844 1912 1187 1982 sohiedsriclrterllclrem
1204 1912 1360 1992 Verpleirlr
1377 1912 1440 1975 ilem
1453 1915 1498 1976 20
1508 1911 1606 1975 Marl:

339 1997 459 2076 peccate
479 1999 564 2075 liobe,
586 2001 654 2062 cred
674 2002 835 2066 oereicbtcl
855 2005 922 2084 crof
937 2003 998 2066 alle
1018 2001 1132 2066 Recble
1151 2023 1195 2066 aa
1216 2003 1276 2066 den
1298 2003 1518 2081 Besileunpea.

451 2135 584 2190 noem.-
611 2131 722 2193 recol
740 2141 808 2194 aare
826 2141 979 2208 ommam
997 2141 1210 2209 sectaequae,
1229 2139 1272 2193 ac
1284 2139 1433 2206 jussero
1451 2156 1506 2192 aar
1523 2139 1609 2192 auru»

435 2247 440 2250 -
499 2217 544 2270 cerr
560 2219 688 2272 Vereeben
697 2221 880 2290 weppeblr'eben
892 2223 934 2275 ist.
960 2213 1051 2276 D92¹¹
1071 2221 1123 2280 (tit.
1135 2217 1353 2286 Saehsinbusen)
1372 2219 1608 2290 mithrrunpeu.

450 2317 562 2376 Droet:
580 2319 715 2375 Deerat.-
740 2321 825 2390 Wolff
840 2323 962 2388 11,315.

380 2454 418 2518 hr
447 2459 577 2522 nomine
603 2459 731 2524 domiui.
770 2462 881 2525 Amen.
923 2462 971 2525 Ne
1002 2463 1117 2526 abolite
1148 2462 1330 2546 questiones
1360 2460 1526 2523 materiam
1560 2459 1612 2522 vel

300 2547 496 2610 occasionem
519 2549 654 2613 habeant
675 2552 869 2633 renascendi,
890 2553 993 2616 solent
1012 2573 1056 2632 ea,
1079 2573 1141 2637 que
1161 2572 1216 2636 per
1235 2552 1421 2635 legittimam
1444 2550 1494 2614 vel
1514 2552 1614 2614 ratio·

300 2635 437 2700 nabilem
468 2639 660 2704 decisionem
691 2645 859 2706 terminata
888 2643 1007 2707 fuerint
1041 2649 1073 2707 et
1107 2647 1140 2706 in
1175 2641 1373 2706 amicabilem
1407 2640 1612 2732 concordiam
1699 2649 1700 2666 ¹

299 2734 452 2807 revocate,
474 2733 581 2814 scripti
603 2735 782 2797 testimonio
798 2734 978 2798 confirmari
994 2739 1025 2798 et
1039 2745 1236 2818 posterorum
1254 2733 1369 2796 noticia
1382 2732 1615 2796 commendari.
1697 2785 1698 2790 ,

299 2817 438 2902 Ideoque
465 2840 525 2883 nos
546 2820 701 2886 Rudolfus
727 2825 879 2905 pincerna
900 2825 939 2888 de
958 2824 1132 2908 Tutinberg
1160 2824 1416 2905 recognoscimus
1443 2829 1474 2886 et
1499 2829 1616 2886 tenore
1699 2827 1700 2842 ¹

300 2911 496 2990 presentium
519 2911 715 2976 declaramus
737 2913 897 2993 omnibus,
919 2914 1037 2997 quibus
1056 2935 1148 2979 nosse
1169 2915 1264 2978 fuerit
1284 2920 1493 2996 oportunum,
1523 2915 1616 2996 quod

300 3019 396 3063 causa
418 3001 485 3064 sive
507 3004 638 3083 questio,
659 3023 755 3085 quam
778 3005 938 3068 movimus
959 3025 1033 3068 oum
1055 3006 1183 3069 domiuo
1204 3004 1317 3068 abbate
1338 3011 1369 3068 et
1391 3009 1554 3068 conventu
1574 3005 1618 3066 de

300 3089 393 3151 Porta
425 3109 520 3173 super
549 3111 605 3154 sex
637 3095 757 3156 mansis
788 3096 822 3158 in
855 3094 1056 3159 Saxinhusen
1099 3095 1297 3159 solventibus
1327 3097 1492 3158 annuatim
1530 3093 1618 3157 duas

300 3179 655 3266 marcasVribergensis
676 3187 798 3265 argenti
819 3191 850 3248 et
870 3205 926 3249 sex
948 3187 1069 3250 maldra
1084 3187 1228 3250 hiemalis
1246 3185 1618 3250 frumentiErfordensis

300 3289 459 3349 mensure,
479 3273 553 3335 item
577 3293 672 3357 super
693 3295 805 3338 manso
826 3281 856 3338 et
877 3274 1007 3339 dimidio
1031 3276 1209 3353 infeudatio,
1238 3296 1318 3358 quos
1346 3295 1476 3339 mansos
1496 3293 1618 3337 omnes

299 3359 455 3424 liudolfus
493 3365 643 3444 pincerna
677 3367 828 3448 patruelis
860 3372 967 3431 noster
1003 3367 1107 3430 dictus
1146 3366 1185 3430 de
1216 3365 1425 3450 Keueruberg
1468 3363 1619 3428 vendidit

298 3451 402 3514 abbati
430 3458 461 3515 et
482 3457 653 3518 conventui
675 3457 737 3519 ium
759 3459 923 3540 predictis,
952 3457 1057 3520 taliter
1076 3461 1124 3520 est
1144 3457 1264 3523 decisa.
1286 3455 1371 3539 quod
1394 3455 1540 3519 videlicet
1563 3473 1619 3516 se

300 3542 443 3604 cundum
470 3543 710 3609 arbitracionem
739 3553 769 3610 et
790 3547 986 3611 amicabilem
1010 3547 1268 3630 compositionem
1290 3547 1442 3609 dominns
1460 3543 1559 3608 abbas
1587 3547 1621 3604 ct

300 3638 477 3694 conventus
506 3653 578 3714 sepe
606 3634 680 3697 dicti
703 3635 859 3700 dederunt
884 3635 976 3699 nobis
998 3637 1108 3719 viginti
1131 3655 1252 3698 marcas
1274 3637 1395 3717 argenti
1418 3635 1621 3714 Vribergen-

300 3723 357 3798 sic,
389 3743 469 3804 quas
499 3743 558 3786 nos
589 3727 744 3808 recepisse
775 3727 972 3809 profitemur,
1001 3732 1033 3788 et
1062 3745 1120 3788 uos
1148 3744 1222 3787 curn
1252 3725 1413 3788 universis
1439 3721 1624 3787 heredibus
1698 3727 1699 3774 ἒ

299 3813 416 3874 nostris
436 3816 664 3878 renunciamus
685 3817 747 3878 iuri
769 3817 938 3895 advocatie,
959 3816 1125 3892 exactioni,
1146 3813 1258 3879 iuditio
1273 3821 1304 3878 et
1319 3815 1501 3880 conclusive
1519 3813 1621 3874 omni
1698 3831 1699 3838 ¹

298 3904 361 3964 iuri
370 3913 391 3980 ²,
411 3903 494 3985 quod
518 3904 609 3968 nobis
630 3907 664 3968 in
685 3906 777 3970 bonis
798 3926 894 3988 supra
916 3906 1039 3988 scriptis
1060 3911 1235 3989 competere
1256 3904 1431 3982 videbatur,
1449 3903 1620 3968 uadentes

299 3999 443 4056 nostrum
468 3992 703 4077 ¹beneplacitum
735 4001 765 4058 et
791 4015 983 4058 consensum
1011 3995 1138 4058 domino
1160 3994 1266 4059 abbati
1289 4000 1320 4058 et
1340 3994 1513 4058 conventui
1533 4009 1624 4072 sepe

299 4083 406 4160 dictio,
438 4089 471 4146 ut
500 4082 582 4148 bona
610 4085 761 4168 prelibata
782 4092 931 4169 perpetuo
953 4086 1135 4168 possideant
1156 4085 1254 4149 libere
1275 4091 1306 4149 et
1329 4087 1442 4169 quiete.
1482 4083 1620 4144 Verum

299 4174 375 4255 quia
400 4173 519 4255 prefata
544 4174 628 4238 bona
655 4178 763 4238 omnia
788 4197 807 4238 a
834 4176 963 4238 domino
986 4174 1101 4238 Ottone
1123 4175 1292 4258 burgravio
1314 4175 1354 4238 de
1376 4173 1553 4252 Kiruhberg
1582 4171 1622 4230 in

297 4263 391 4324 feudo
422 4261 608 4342 babuimus,
635 4265 674 4327 ad
701 4266 802 4348 ipsius
828 4285 943 4328 manus
970 4265 1098 4330 eademb
1125 4285 1184 4328 nos
1203 4262 1439 4348 promittimus⁰
1463 4261 1624 4342 resigna-

298 4359 394 4415 turos.
436 4353 486 4414 Ad
515 4355 627 4417 trorum
655 4357 801 4418 oninium
828 4356 1018 4418 evidentiam
1048 4373 1176 4438 presens
1203 4355 1356 4438 scriptum
1376 4362 1479 4418 nostro
1496 4349 1626 4430 sigillo

299 4445 451 4506 iussimus
479 4443 628 4506 roborari.
671 4447 750 4507 Acta
777 4453 852 4509 sunt
880 4447 936 4509 heo
963 4467 1046 4508 anno
1075 4445 1194 4508 domiui
1216 4454 1379 4524 Muoovr,
1406 4446 1437 4506 iu
1457 4441 1501 4504 dio
1526 4437 1626 4500 bea-

298 4539 402 4596 torunr
433 4540 611 4614 martyrum
643 4533 786 4599 Processi
811 4539 842 4599 et
863 4534 1076 4618 Martlinianil.
1118 4533 1225 4598 Testes
1245 4540 1322 4598 sunt
1344 4533 1486 4598 Albertus
1504 4545 1632 4590 socer
