3410 5146
605 419 779 498 nrjse-sr.
799 437 876 498 moe.
1360 409 1394 492 rs

98 623 202 706 raca
230 587 524 720 archang(
821 663 824 668 -
968 616 971 622 ’
1331 621 1393 704 er.

169 768 305 851 Bischos
310 769 440 834 Bertcld
452 769 496 833 Π
517 790 575 833 voc
592 769 781 850 Naumbury
801 767 961 848 habundet,
982 767 1057 830 dass
1073 789 1105 830 er
1119 767 1170 830 dic
1181 765 1394 846 Bcsr'drucqea

131 861 180 922 des
200 857 344 923 Klosfcrs
367 857 473 942 Psortc
501 859 536 923 ic
558 859 736 924 Kotorodz
762 858 978 922 uomommca
1005 858 1074 922 aad
1101 855 1269 920 dcmselbea
1295 854 1394 935 doft'sr

131 948 178 1011 dic
196 947 410 1028 Besitcaapcn
431 950 531 1012 scices
552 948 647 1029 Stifts
666 951 702 1012 ic
724 948 881 1013 Scobtcwc
902 946 1080 1011 tholomeo
1100 947 1185 1010 habe.

238 1083 375 1142 naua.-
393 1084 424 1138 n
442 1083 478 1138 ὀὴ
497 1084 550 1151 (aa.
565 1083 668 1152 roan).

238 1189 352 1322 Draytczr
370 1189 516 1322 W}
531 1189 615 1257 Wolff
630 1189 655 1250 1,
672 1192 733 1242 247.
767 1187 822 1258 Vpl
842 1187 903 1242 God.
914 1187 980 1255 dipl.
994 1187 1105 1240 Aahctt.
1116 1186 1142 1252 Ι,
1155 1189 1214 1239 551.
1245 1201 1268 1238 v.
1279 1184 1394 1238 Mulcer-

344 1274 355 1323 t
411 1308 419 1335 ,
468 1285 491 1324 r.
517 1273 559 1326 94.

170 1395 205 1458 ln
227 1397 356 1460 nomine
379 1401 487 1460 sancte
509 1401 541 1459 et
560 1394 726 1458 individue
748 1395 906 1458 trinitatis.
943 1392 1114 1458 Bertoldns
1136 1391 1244 1454 divina
1265 1391 1392 1456 favente
1416 1391 1417 1394 ’

99 1483 256 1548 clementia
278 1485 374 1549 huius
394 1486 534 1549 nominis
556 1485 717 1549 secundus
738 1483 1003 1566 Nuenburgensis
1025 1483 1200 1566 episcopus.
1235 1481 1393 1563 Equitatis

97 1581 247 1638 ammonet
267 1575 353 1638 racio
374 1580 406 1638 et
426 1575 592 1658 pastoralis
613 1575 713 1657 exigit
734 1594 809 1638 cure
832 1573 1025 1650 sollicitudo,
1048 1577 1083 1634 nt
1104 1571 1265 1635 securitati
1279 1575 1311 1634 et
1323 1571 1393 1654 paci

97 1663 294 1727 ecclesiarum
326 1669 453 1728 nostre¹
484 1665 631 1746 dyocesis
665 1683 730 1726 non
761 1663 864 1726 solum
897 1663 935 1724 ad
965 1679 1109 1744 presens,
1144 1659 1200 1723 sed
1232 1663 1327 1724 etiem
1359 1661 1392 1722 in

96 1761 246 1834 posterum
280 1753 511 1837 prospiciamus
542 1759 574 1817 et
604 1759 669 1816 tam
700 1755 785 1837 ipsas
818 1772 914 1834 quam
943 1752 1086 1834 ipsarum
1115 1751 1199 1813 insto
1230 1750 1333 1832 tytulo
1363 1755 1395 1812 et

96 1839 256 1906 bonafide
278 1844 452 1925 acquisitas
472 1845 689 1926 possessiones
711 1848 743 1906 et
763 1861 924 1926 possessas
944 1842 1153 1924 proprietates
1167 1845 1278 1902 contra
1293 1857 1395 1902 emer-

96 1935 199 2012 gentes
225 1933 428 2014 questionum
450 1933 551 1996 nodos
577 1938 609 1996 et
635 1932 808 1996 insolentes
829 1930 1036 2014 inproborum
1055 1931 1274 1994 infestationes
1294 1928 1395 1992 eccle-

96 2020 206 2084 siastici
226 2023 413 2086 muniminis
432 2027 464 2086 et
484 2023 636 2086 canonice
659 2022 854 2084 auctoritatis
875 2022 1014 2084 tuicione
1036 2019 1286 2083 corroboremus,
1314 2017 1394 2082 Uni-

98 2111 229 2174 versitati
249 2112 383 2195 proinde
406 2112 552 2175 fidelium
579 2115 642 2174 tem
664 2112 820 2193 presentis
842 2112 935 2196 etatis
958 2128 1053 2191 qnam
1074 2109 1181 2172 future
1203 2108 1396 2192 posteritatis

96 2201 289 2264 manifestum
312 2220 382 2265 esse
403 2201 561 2280 volumus,
584 2201 669 2282 qnod
690 2221 749 2264 nos
770 2199 934 2264 Portensis
956 2198 1090 2263 ecclesie
1111 2199 1195 2260 bona
1216 2199 1249 2260 in
1270 2197 1391 2262 Kothe-

97 2289 150 2350 wir
174 2308 246 2352 cum
273 2290 432 2354 adiacenti
457 2291 538 2356 silva
558 2291 722 2353 annuatim
744 2299 799 2354 ΧΠ
821 2290 934 2354 choros
956 2289 1109 2352 frumenti
1130 2287 1396 2372 Nuenbnrgensis

95 2397 235 2442 mensure
261 2381 392 2444 maioris
418 2379 632 2462 persolventia
658 2379 716 2442 sub
739 2380 842 2462 tytulo
864 2378 1040 2442 concambii
1062 2384 1248 2462 perpetuam
1268 2378 1302 2440 in
1324 2397 1396 2461 pro·

95 2469 250 2548 prietatem
273 2470 408 2534 ecclesie
430 2475 537 2533 nostre
560 2471 769 2553 suscepimus,
789 2489 846 2552 pro
858 2468 975 2550 quibus
987 2469 1089 2532 eidem
1103 2467 1250 2532 Portensi
1261 2468 1395 2531 ecclesie

14 2559 15 2562 ’
97 2556 172 2620 bone
192 2567 299 2622 nostre
322 2561 355 2622 in
371 2558 564 2623 Scoblrowe1
586 2561 647 2622 tria
668 2559 787 2622 talenta
806 2565 837 2623 et
857 2559 975 2622 solidos
989 2567 1043 2621 XV
1057 2559 1221 2620 annuatim
1241 2557 1396 2621 solventia

96 2646 149 2708 snb
169 2648 312 2732 predicto
334 2649 438 2730 tytulo
457 2649 721 2714 contradidimus.
749 2649 930 2732 resignante
952 2649 1064 2712 eadem
1086 2647 1170 2712 bona
1190 2647 1394 2712 Erkenboldo

96 2736 131 2798 dc
151 2737 303 2802 Grizlawe
324 2739 359 2800 in
386 2757 501 2802 manus
527 2739 721 2802 marchionis
746 2738 933 2802 Theoderici
959 2744 991 2802 et
1015 2737 1199 2801 marchione
1225 2737 1258 2800 in
1281 2754 1395 2800 manus

96 2833 211 2890 nostras
231 2827 390 2910 nobisque
407 2827 786 2911 prenominatePortensi
808 2829 940 2892 ecclesie
961 2830 995 2890 in
1016 2827 1147 2891 liberam
1161 2828 1395 2911 possessionem

97 2920 126 2978 et
151 2923 335 3002 perpetuam
362 2919 587 3002 proprietatem
614 2938 652 2982 ea
680 2937 753 2981 cum
783 2937 943 2982 consensu
964 2919 1191 2982 canonicorum
1212 2921 1394 2980 nostrorum
1475 2941 1479 2954 ·

96 3003 357 3069 contradentibus.
398 3006 462 3070 Per
488 3025 631 3070 severam
657 3027 733 3071 sanc
761 3007 969 3071 districtionis
990 3007 1204 3072 ecclesiastice
1225 3025 1394 3070 censuram

96 3099 125 3154 et
146 3095 283 3159 futuram
310 3095 445 3160 districti
471 3095 586 3160 iudicis
614 3097 924 3162 animadversionem
950 3097 1170 3180 prohibemns,
1201 3113 1242 3158 ne
1270 3113 1333 3177 qua
1360 3095 1392 3156 in

96 3186 226 3263 presenti
252 3184 304 3250 vel
331 3187 365 3248 in
392 3190 554 3270 posterum
582 3186 799 3250 ecclesiastica
824 3187 1018 3250 secularisve
1046 3205 1182 3269 persona
1203 3185 1297 3247 huius
1319 3202 1394 3247 con·

96 3274 203 3340 cambii
230 3281 431 3339 contractum
455 3277 637 3354 immutare,
665 3276 846 3340 convellere
872 3278 924 3340 vel
954 3275 1097 3358 quolibet
1114 3275 1208 3338 modo
1230 3275 1393 3337 infirmare

14 3407 15 3410 η
96 3363 203 3428 audeat
227 3366 278 3428 vel
308 3365 455 3429 Portensi
483 3365 616 3429 ecclesie
645 3368 678 3429 in
707 3367 828 3430 eisdem
853 3366 944 3430 bonis
970 3367 1004 3428 in
1026 3365 1200 3428 Scoblroae
1222 3382 1393 3447 gravamen

95 3453 142 3516 rel
171 3455 343 3539 dampnum
376 3455 506 3536 aliquod
536 3455 654 3520 inferre
685 3461 857 3539 presumat.
908 3457 950 3520 Ut
981 3456 1076 3518 huius
1108 3473 1183 3536 ergo
1216 3452 1394 3516 concambii

14 3607 15 3610 ,
95 3545 275 3608 constitucio
295 3546 329 3607 in
351 3551 541 3628 perpetuum
563 3551 631 3608 rata
652 3551 684 3609 et
697 3546 885 3610 inconvulsa
900 3551 1090 3630 perseveret,
1111 3549 1291 3628 presentem
1307 3544 1394 3626 pagi-

94 3649 163 3696 nam
190 3634 284 3718 sigilli
315 3635 415 3698 nostri
440 3635 640 3719 inpressione
669 3636 824 3718 signatam
856 3636 973 3699 exinde
1005 3632 1165 3698 conscribi
1195 3633 1330 3696 fecimus
1362 3638 1394 3696 et

14 3785 15 3788 ,
93 3722 284 3799 ydoneorum
312 3725 454 3801 testium,
483 3726 538 3806 qui
565 3725 639 3787 huic
667 3725 784 3788 actioni
805 3725 1031 3804 interfuerunt,
1054 3723 1286 3806 subscriptione
1307 3740 1393 3785 com-

93 3815 290 3896 mrmivimus‚
312 3833 449 3896 quorum
468 3815 599 3877 nomina
619 3815 678 3877 hec
699 3820 791 3877 sunt:
814 3813 969 3877 Lvdolfus
987 3813 1272 3896 Magdeburgensis
1293 3811 1394 3874 archi-

14 3981 16 3984 ·
94 3903 267 3987 episcopus,
293 3903 458 3968 Wolterus
479 3903 680 3967 Patauiensis
702 3905 883 3988 episcopus,
908 3904 1124 3967 Theodericus
1140 3901 1395 3984 Marsburgensis

14 4039 15 4044 η
93 3991 215 4066 electus,
235 3994 418 4058 Hertwicus
439 3991 628 4056 Eistatensis
649 3993 827 4074 episcopus,
848 3993 1069 4056 Hartmaunns
1089 3992 1268 4074 prepositus
1284 3989 1394 4052 Nuen·

92 4079 267 4166 burgensis,
295 4081 464 4146 Cunradns
487 4083 641 4152 decanus.
666 4081 834 4145 Ounradus
855 4083 1052 4162 scolasticus,
1074 4081 1257 4161 Volquinus
1278 4085 1394 4157 custos,

93 4169 239 4236 Gerlacns
261 4173 451 4249 canonicus,
478 4172 630 4254 magister
657 4169 817 4250 Huwizio,
843 4171 1028 4235 Bernardus
1056 4172 1122 4234 dnrr
1142 4169 1293 4247 Scironia,
1316 4169 1392 4232 Ger-

92 4259 224 4326 hardus²
265 4262 305 4326 de
338 4261 556 4337 Querenforde
597 4261 758 4344 prefectus
792 4261 1089 4344 Magdeburgensis,
1130 4259 1315 4322 Meinherus
1353 4259 1392 4322 de

93 4347 246 4417 Werbene
273 4351 434 4436 prefectus
462 4351 647 4426 Misnensia
675 4351 888 4414 Theodericus
915 4351 1075 4432 prefectus
1103 4350 1142 4412 de
1168 4348 1392 4423 Kochbcrcm,

14 4521 15 4524 Ἴ
93 4439 237 4504 hibertus
260 4441 299 4505 de
320 4440 445 4520 Droizc,
465 4439 703 4504 Heindenricns
725 4441 764 4504 de
787 4439 1050 4515 Zancbenberch‚
1071 4439 1166 4519 Hugo
1190 4438 1228 4500 de
1250 4437 1393 4502 Hoilren-

92 4529 170 4608 walt
189 4530 349 4594 liudolfus
371 4531 598 4595 ethntherus
615 4531 729 4594 fratres
745 4531 783 4596 de
798 4532 949 4606 anowe,
969 4529 1171 4591 Reinhardus
1187 4526 1226 4590 de
1238 4527 1394 4605 Mincrviz,

93 4617 287 4690 Reinhardus
312 4621 351 4690 de
373 4618 474 4686 Strele
502 4619 726 4688 ministeriales
752 4621 885 4688 ecclesie
911 4624 1019 4686 nostre
1041 4624 1072 4686 et
1093 4618 1156 4685 alii
1169 4635 1264 4701 qnam
1285 4617 1393 4703 plures
