3392 5150
567 403 617 458 Nr.
630 403 777 458 297-299.
798 403 874 461 1291.
1318 401 1371 459 293

83 556 177 640 1291.
205 553 382 637 11111129.
1276 553 1369 636 298.

146 690 296 770 Konrud‚
321 689 453 754 Beriold
480 691 548 752 und
572 689 724 754 Heinrich
755 710 813 753 vem
832 689 994 754 leseretedi
1023 689 1199 767 hcieoden,
1231 689 1306 753 dass
1326 690 1371 753 sie

114 785 130 843 4
148 779 259 863 Hersen
286 781 320 842 in
349 779 485 861 Lisdors
505 799 550 842 an
571 779 629 842 des
650 777 776 844 Klosier
796 778 904 860 Pforie
924 778 1072 858 vehauft
1090 777 1159 841 und
1179 777 1239 842 den
1260 777 1370 860 Kons-

111 871 189 952 preis
213 872 256 934 im
275 869 412 950 Beirape
432 889 489 937 oon
515 873 559 932 68
582 867 679 932 Mari
699 869 886 949 ernpsanpcn
904 867 1010 931 bohen.
1040 867 1104 947 Vqr.
1127 865 1187 932 Nr.
1202 871 1368 933 289299.

214 1004 351 1060 nmen„-
370 1003 400 1058 D
419 995 471 1058 eeb
488 1003 692 1072 (terminium).
721 1003 818 1058 Tres.

216 1111 332 1166 noer.-
344 1109 484 1193 nummu:
509 1109 592 1176 Wolff
605 1108 648 1174 11,
666 1113 726 1162 228.
751 1109 805 1178 Vyl.
823 1125 845 1164 o.
859 1107 1036 1162 Reiiecrutein
1054 1110 1137 1166 106a.

149 1239 313 1305 Universis
340 1237 457 1302 Christi
484 1236 633 1300 fidelibus
659 1237 692 1299 iu
720 1242 917 1320 perpetuum.
964 1235 1059 1300 Geste
1086 1237 1133 1300 rei
1160 1237 1273 1300 notitia
1298 1257 1371 1322 pro·

82 1337 201 1414 pegetur
226 1331 259 1392 in
288 1335 444 1413 posteros,
475 1347 549 1390 cum
575 1328 699 1390 venerit
725 1327 896 1390 auctoritas
922 1334 954 1390 et
980 1326 1078 1390 robur
1098 1327 1224 1391 firmius
1245 1346 1264 1389 a
1285 1328 1371 1392 testi-

83 1421 173 1484 monio
198 1420 386 1483 litterarum.
427 1417 512 1481 Hinc
534 1423 594 1493 est,
617 1417 703 1499 quod
725 1437 783 1480 nos
805 1416 980 1494 Oonredns
1001 1415 1172 1480 Bertoldus
1191 1421 1223 1482 et
1243 1416 1372 1480 Heinri-

82 1530 129 1573 cus
152 1509 227 1573 dicti
255 1509 294 1572 de
314 1508 520 1572 Yschersiete
547 1507 805 1589 recognoscimus
833 1511 864 1568 et
892 1511 1001 1569 tenore
1028 1507 1223 1589 presentium
1245 1505 1372 1590 publico

82 1603 294 1680 protestamur,
326 1597 411 1678 quod
443 1615 502 1660 nos
532 1595 571 1658 de
603 1595 745 1658 unanimi
776 1614 935 1658 consensu
965 1599 996 1657 et
1027 1595 1177 1658 concordi
1208 1594 1372 1660 voluntate

83 1687 271 1751 vendidimus
297 1685 536 1750 honorabilibus
563 1685 652 1762 viris,
681 1685 809 1748 domiuo
835 1681 943 1748 abbati
971 1690 1003 1748 et
1023 1686 1195 1748 conventui
1217 1685 1373 1762 Portensi,

81 1787 152 1841 11111π
171 1797 299 1840 mensos
320 1776 398 1840 sitos
418 1776 452 1838 in
473 1775 549 1838 ville
569 1774 780 1858 Liziugestorf
808 1794 882 1838 curn
909 1773 1057 1838 omuibus
1078 1775 1144 1840 suis
1166 1775 1373 1860 pertiuentiis,

82 1865 228 1929 solventes
253 1865 345 1928 annis
366 1865 501 1948 singulis
526 1873 554 1927 X
580 1883 703 1926 marcas
731 1863 795 1926 albi
820 1863 943 1946 argenti
968 1883 1025 1946 pro
1054 1865 1221 1948 sexaginta
1249 1870 1281 1928 et
1301 1869 1372 1928 octo

81 1956 192 2034 mercis,
214 1974 293 2037 ques
314 1973 373 2018 nos
392 1953 590 2038 integraliter
610 1953 766 2037 recepisse
788 1953 1011 2034 cognoscimus
1027 1953 1095 2018 sine
1112 1954 1258 2037 dampno.
1291 1953 1373 2018 Sene

82 2065 145 2108 cunr
170 2044 311 2128 predicta
340 2044 476 2127 pecunie
502 2043 622 2108 utiliter
651 2062 743 2106 verse
771 2043 870 2106 sitin
897 2061 965 2106 rem
994 2048 1134 2106 nostram
1156 2048 1281 2108 etcum
1303 2063 1374 2127 pre-

83 2135 148 2198 dicti
166 2133 365 2199 venerabiles
392 2133 466 2212 viri,
487 2133 635 2197 dominus
661 2131 758 2195 abbas
785 2137 817 2196 et
842 2137 1020 2196 convontus
1046 2132 1219 2212 Portensis
1247 2133 1374 2217 dispen-

84 2223 159 2287 dium
184 2225 251 2288 sive
278 2223 451 2307 dampnum
477 2223 634 2286 sustinere
655 2241 719 2285 non
742 2222 892 2300 debeant,
918 2221 956 2284 ad
980 2223 1173 2286 uerendiem
1195 2223 1374 2286 faciendam

83 2313 246 2376 secundum
278 2318 361 2375 terre
390 2331 593 2375 communem
630 2317 748 2374 statum
780 2316 812 2374 et
842 2331 963 2375 morem
995 2319 1027 2376 et
1057 2312 1119 2376 elie
1151 2311 1293 2394 quelibet
1326 2313 1374 2375 in.

81 2403 216 2484 gruentia
237 2421 296 2464 nos
317 2401 517 2484 presentibus
539 2402 757 2484 astringimus,
784 2401 961 2464 secundum
988 2402 1073 2483 quod
1099 2401 1320 2486 promisimus*
1340 2404 1373 2466 in

82 2493 229 2575 emptione
251 2510 348 2574 supra
368 2490 453 2553 dicte
472 2490 612 2555 fideliter
634 2511 692 2554 nos
713 2491 861 2554 facturos.
905 2491 943 2554 In
969 2493 1061 2556 cuius
1083 2491 1129 2556 rei
1150 2491 1374 2556 certitudinem

82 2581 245 2662 pleniorem
271 2579 409 2662 sigillum
435 2585 594 2658 nostrum,
623 2599 685 2662 quo
714 2586 926 2652 communiter
944 2581 1080 2659 utimur,
1110 2581 1250 2664 presenti
1270 2582 1374 2645 littere

82 2671 222 2735 duximus
244 2669 478 2752 apponendum,
505 2670 706 2751 presentibus
736 2675 767 2732 et
793 2669 1008 2734 testimonium
1030 2669 1271 2752 perhibentibus
1292 2671 1376 2734 infre

82 2761 196 2844 scriptis
221 2759 368 2824 Conrado
394 2759 501 2822 Buuro
530 2759 629 2822 milite
654 2759 693 2822 de
722 2759 939 2832 Ysoberstete,
965 2757 1158 2823 Theoderico
1181 2760 1220 2824 de
1241 2759 1374 2842 Hyrzim

81 2848 256 2912 Hermanno
289 2847 328 2910 de
359 2847 562 2926 Sultzbeche,
593 2847 792 2911 Hartmanno
821 2849 859 2911 de
885 2847 1095 2932 Lizingestorf
1118 2870 1155 2913 eo
1176 2851 1290 2914 ceteris
1310 2850 1376 2914 fide

81 2937 185 3021 dignis.
216 2939 299 3002 Acte
320 2944 395 3002 sunt
415 2939 473 3002 bec
494 2957 578 3000 enno
602 2939 721 3002 domini
740 2937 855 3002 M⁰OC⁰
870 2939 990 3017 xo⁰1⁰,
1012 2937 1350 3004 Vss⁰kalendeslunii.

144 3073 154 3099 ²
171 3069 362 3158 promissimus
380 3069 410 3125 D

596 3185 845 3194 m*-

79 3335 183 3421 1291.
209 3337 297 3420 Mai
323 3337 389 3419 26.
724 3395 727 3400 -
1285 3338 1378 3420 299.

154 3472 320 3538 Hesione
343 3471 435 3554 Gruf
449 3492 509 3535 ooo
523 3471 715 3536 Orhemiindc
735 3473 856 3536 creceii
876 3471 937 3536 den
957 3473 1020 3538 Abi
1041 3473 1193 3538 Heinrich
1213 3493 1272 3538 von
1282 3471 1380 3537 Hers-

117 3561 177 3638 feld
196 3563 277 3626 nach
298 3561 504 3643 3111912122
524 3563 580 3626 der
600 3561 772 3626 Belebnicn
798 3563 866 3626 dem
887 3561 1016 3626 Khrsier
1038 3563 1145 3646 Pforie
1170 3568 1191 3626 4
1211 3563 1324 3645 Hersen
1344 3564 1381 3626 in

121 3651 248 3734 Ludos
261 3651 463 3732 1112αεὶ92111,
483 3651 534 3714 die
554 3651 691 3716 dasselbe
713 3671 772 3715 ooo
794 3651 944 3728 Konrad,
966 3654 1053 3717 heere.
1076 3652 1229 3729 Komarei,
1250 3651 1382 3718 Bcriold
1455 3709 1460 3724 ,

120 3741 184 3805 und
200 3741 353 3806 Heinrich
374 3761 433 3805 von
453 3741 635 3806 Issersicdt1
656 3741 789 3824 pelmnft
808 3742 871 3806 hac.
901 3741 965 3823 th.
987 3741 1046 3806 Nr.
1059 3747 1137 3807 289.
1151 3747 1228 3808 298.

223 3880 356 3939 Hdechrs
378 3881 421 3935 Or.
435 3881 509 3950 Perp.
529 3880 744 3949 sperneres.
772 3881 904 3950 Morbnrp
923 3881 962 3936 bb.
975 3883 1019 3948 A„
1039 3881 1106 3950 Stin
1124 3881 1258 3949 Hmfeld.
1272 3911 1306 3921 -
1324 3881 1382 3936 Von

274 3961 347 4014 einer
366 3960 489 4028 meten,
516 3959 654 4028 nrebrfacb
670 3959 888 4016 αὸωείὠαιάοηῐ
912 3961 1047 4030 Urechritt
1065 3962 1095 4015 D
1113 3961 1169 4016 d8b
1187 3961 1382 4031 (tit.Lizstorl).

277 4040 304 4094 Τ
318 4039 390 4094 125b
409 4040 458 4095 mii
476 4039 661 4108 auffallcnden
673 4039 798 4109 Fabium,
815 4041 859 4095 die
876 4057 928 4096 ane
945 4043 1018 4096 1111121
1037 4041 1089 4095 den
1101 4042 1292 4096 Absciretbem
1308 4041 1384 4096 nicht

280 4119 429 4190 peldufipen
448 4121 622 4188 Sciriflform
640 4119 687 4174 der
710 4121 820 4190 Vortapc
837 4137 872 4174 en
890 4121 1012 4175 erkldren
1029 4121 1086 4175 scin
1103 4121 1227 4190 dr'e'rtien,
1246 4122 1296 4174 wie
1312 4121 1384 4175 auch

275 4200 326 4255 dee
343 4201 512 4255 oorhandcne
531 4200 656 4270 (biybtal
672 4201 733 4255 sehr
750 4201 955 4255 mrecteulrleelte
977 4199 1040 4255 oder
1056 4199 1273 4269 nnpmcdhnliche
1291 4198 1382 4254 Buch-

273 4283 365 4336 eadee
383 4281 443 4334 werd
461 4280 745 4349 determinem
761 4281 894 4347 anferam.

231 4385 355 4441 Druoke:
383 4386 497 4450 Belem,
527 4385 702 4454 Todtheilwrp
720 4389 761 4439 70.
798 4385 934 4440 1211111111.-
958 4385 1043 4454 Wolff
1057 4385 1107 4452 H,
1124 4389 1184 4440 229.
1219 4383 1380 4453 1911111.

277 4467 380 4522 Zteclrr.
406 4467 454 4533 VI,
474 4470 535 4520 246.
572 4483 594 4520 v.
615 4465 791 4520 Reitzenstein
809 4465 890 4519 locu.

165 4589 198 4654 ln
219 4593 338 4660 Christo
364 4595 481 4678 iugiter
507 4593 683 4658 reverendo
707 4593 836 4656 domino
858 4613 916 4658 suo
936 4593 1045 4658 inolito
1068 4643 1098 4658 ..
1121 4591 1227 4656 abbati
1249 4591 1384 4656 ecclesie
