3402 5152
309 352 362 420 tm
680 363 912 425 Urlrundenbncb
931 368 979 426 des
997 370 1124 430 Klostens
1142 371 1245 431 Pforte.

313 520 470 583 sanctitati
493 523 596 608 restre
618 519 818 602 presentibus
839 521 937 586 libere
959 525 1160 607 resignamus
1186 545 1259 589 curn
1289 527 1440 591 omnibus
1463 530 1521 592 suis
1536 547 1589 613 per-

313 609 473 686 tinenciis,
516 607 686 673 affectuose
718 619 879 693 rogantes,
917 616 1068 696 quatinus
1097 618 1184 700 ipsos
1216 620 1415 702 appropriare
1445 619 1590 703 dignemini

312 703 457 775 Portensi
481 698 631 762 cenobius
659 708 785 784 propter
812 705 906 766 deum
934 709 964 766 et
992 711 1173 770 nostrarum
1194 727 1325 790 precum
1348 708 1499 774 humilem
1517 712 1592 773 inter·

311 807 451 866 ventum.
506 791 652 856 Preterea
691 793 839 856 noverint
873 795 1032 858 universis
1038 845 1045 871 ,
1084 797 1123 859 ad
1160 816 1241 879 quos
1277 801 1457 882 pervenerit
1489 819 1592 882 presens

311 893 493 974 seriptnmss,
522 882 606 965 quod
638 882 787 964 predictis
814 883 964 948 fratribus
991 886 1029 949 de
1051 886 1147 951 Porta
1167 887 1259 950 nobis
1281 889 1403 954 dilectis
1425 891 1595 953 contulimus

313 991 344 1048 et
372 975 644 1065 appropriavimus
671 991 742 1036 cum
772 975 859 1036 omni
881 974 1015 1040 utilitate
1039 977 1099 1040 sibi
1121 978 1317 1062 appendente
1339 979 1504 1043 dimidium
1522 1001 1596 1043 nan-

314 1093 386 1138 snm
408 1072 504 1132 situm
526 1067 558 1128 in
582 1083 661 1147 pago
683 1063 757 1126 ville
777 1062 954 1145 Theseum,
984 1087 1080 1150 quem
1102 1068 1262 1132 Iohannes
1283 1071 1326 1132 de
1345 1069 1522 1133 Wizenuels
1539 1090 1596 1152 pre·

310 1167 412 1228 dictus
441 1181 458 1223 a
485 1157 577 1221 nobis
602 1157 635 1216 in
658 1153 746 1218 feodo
775 1153 886 1218 hebuit
909 1162 939 1220 et
961 1159 1107 1241 possedit.
1150 1160 1201 1222 Ad
1226 1176 1366 1242 quorum
1387 1162 1523 1224 omnium
1542 1164 1597 1223 esi·

310 1254 452 1318 denciam
485 1265 614 1332 presens
646 1246 798 1327 seriptum
829 1250 929 1310 nostri
959 1249 1053 1331 sigilli
1085 1248 1198 1313 robore
1231 1252 1447 1315 conmuniter.
1497 1249 1598 1316 Datum

310 1363 393 1410 enno
415 1341 534 1406 domini
556 1343 803 1413 M⁰CCC⁰VHI⁰,
824 1336 857 1398 in
879 1341 1017 1402 crastino
1038 1339 1120 1403 beati
1141 1339 1260 1404 Thome
1281 1342 1422 1424 apostoli.

378 1470 622 1542 aNuenburgensi
642 1469 668 1521 P
735 1459 864 1548 '’Panisc
881 1471 909 1524 P
976 1473 1116 1528 cmanneus
1134 1473 1273 1544 predictos
1291 1474 1319 1527 P
1387 1465 1558 1530 tlbabuimus
1574 1476 1601 1531 in

308 1557 439 1617 feodoP
541 1555 551 1580 ¹¹
570 1547 684 1606 cenebio
702 1548 730 1601 P
832 1543 953 1606 ¹omnes
974 1553 1000 1605 P
1100 1555 1243 1624 gpresens
1264 1555 1399 1624 scriptum
1418 1556 1564 1626 pervenerit
1582 1559 1607 1610 P

304 1621 320 1670 '¹¹
337 1637 477 1695 rnuswuz
496 1635 523 1688 Ρ
540 1633 565 1686 r

832 1742 1083 1752 ---—-—·-—

307 1801 425 1883 1309.
451 1795 621 1876 danunt
634 1791 669 1872 b·
1517 1797 1606 1880 428.

387 1933 555 1998 Hermann
577 1929 766 2008 Dompropst
779 1947 820 1990 sn
831 1925 1021 2010 Nunmburp
1042 1931 1190 2013 verlcouti
1210 1931 1498 2012 rnilZaslinamuap
1514 1935 1610 1997 selues

347 2023 495 2090 Bruders
511 2019 683 2084 Ericenberl
705 2016 851 2098 Propsles
873 2019 907 2082 in
927 2019 1078 2084 Mosboeb
1099 2023 1168 2085 aad
1189 2019 1367 2086 Domberrn
1388 2024 1423 2085 in
1442 2023 1610 2106 Wiirebnrp

345 2117 415 2180 dem
435 2112 558 2177 Klosler
573 2111 679 2191 Psorte
700 2111 743 2172 12
753 2107 867 2189 Hufea
891 2110 924 2174 ln
937 2110 1071 2174 Laerten
1093 2111 1241 2196 [Loisclr]
1261 2113 1317 2194 fiir
1340 2111 1611 2178 esttenete.

455 2240 588 2294 Educta:
610 2225 718 2292 T179b.
749 2227 859 2290 D127b
879 2237 1102 2304 (til.1eschenet
1114 2239 1206 2306 Weta)
1226 2239 1274 2294 mii
1290 2241 1426 2294 einzelnen
1435 2240 1609 2312 liderengen.

456 2333 566 2387 Druck:
584 2329 722 2384 Deutsclr:
745 2329 829 2397 Wolff
843 2329 885 2396 ΙΙ,
904 2334 964 2384 332.

385 2458 451 2523 Nos
484 2454 690 2520 Hermannus
724 2453 775 2516 dei
813 2455 918 2538 gracia
949 2453 1230 2540 Nuenburgensis³
1267 2457 1397 2521 ecclesie
1434 2463 1611 2542 prepositus

306 2548 532 2615 notificandum
567 2546 721 2609 duximus
759 2546 958 2626 presencium
990 2551 1098 2608 tenore
1130 2544 1244 2610 Christi
1275 2547 1423 2612 fidelibus
1454 2552 1611 2614 universis

272 2649 275 2656 '
305 2640 505 2727 presentibus
527 2642 557 2700 et
581 2636 707 2710 iniuria,
729 2634 813 2716 qnod
834 2633 872 2696 de
894 2654 1043 2716 expressa
1064 2636 1226 2700 voluntate
1243 2643 1274 2700 et
1291 2637 1437 2702 benivolo
1453 2659 1611 2704 consensu

305 2733 409 2796 dilecti
431 2729 536 2792 fratris
561 2727 660 2790 nostri
682 2724 870 2788 Erkcnberti
891 2727 923 2788 in
946 2723 1101 2788 Mosbuch'
1117 2727 1267 2809 prepositi
1288 2733 1319 2790 et
1339 2725 1498 2811 Erbipolis
1520 2749 1613 2792 cano-

304 2824 378 2887 nici
400 2816 638 2883 honorabilibus
668 2816 746 2877 viris
771 2815 899 2877 domino
925 2814 1030 2878 abbati
1060 2822 1090 2878 et
1110 2818 1281 2880 conventui
1304 2816 1342 2879 de
1364 2815 1458 2880 Porta
1480 2839 1536 2902 pro
1558 2823 1614 2882 tri-

303 2915 390 2998 ginta
417 2917 448 2973 et
477 2909 621 2991 quinque
645 2907 760 2968 marcis
784 2903 1003 2986 Vribergensis
1028 2908 1151 2987 argenti
1179 2906 1271 2969 nobis
1289 2907 1484 2989 integraliter
1504 2927 1614 2992 persc-

302 3003 380 3067 lutis
406 3003 465 3064 rite
492 3016 529 3060 ac
555 2994 789 3060 racionabiliter
815 2994 1017 3058 vendidimus
1043 2995 1216 3059 duodecim·
1238 3016 1367 3060 mensos
1396 2997 1434 3060 nd
1462 3017 1520 3061 nos
1540 2999 1615 3060 iure

302 3089 527 3177 proprietariob
550 3109 568 3150 a
588 3087 705 3149 nostris
728 3083 981 3168 progenitoribus
1001 3084 1170 3164 dedistne,
1200 3087 1275 3150 sitos
1302 3087 1334 3148 in
1363 3086 1438 3150 ville
1459 3086 1616 3164 leschon,

302 3203 376 3246 cum
408 3179 558 3242 omnibus
590 3179 657 3239 suis
693 3175 901 3259 appendiciis
945 3182 1081 3256 quorum
1120 3195 1304 3239 mansorum
1329 3176 1480 3258 ¹quilibet
1516 3177 1617 3240 solvit

302 3272 468 3336 annuatim
492 3273 610 3351 septem
639 3265 755 3329 solidos
777 3263 1100 3348 Nuenburgensium³
1125 3265 1328 3329 denariorum
1354 3271 1385 3329 et
1405 3274 1475 3330 octo
1497 3266 1616 3350 pullos

301 3362 607 3440 renunctiamnsque
634 3359 720 3420 omni
746 3357 823 3436 iuri,
854 3354 939 3437 quod
965 3355 998 3416 in
1027 3375 1122 3438 supra
1148 3357 1272 3438 scriptis
1300 3355 1392 3419 bonis
1421 3357 1514 3420 nobis
1537 3376 1615 3418 con-

301 3455 378 3538 petit
392 3470 449 3535 seu
465 3455 632 3531 conpetere
648 3445 822 3510 videbatur.
856 3445 905 3507 Ad
921 3446 1017 3508 buius
1033 3447 1077 3507 rei
1094 3445 1439 3528 evidenciam'presens
1456 3448 1614 3530 scriptum

301 3540 399 3609 nostri
428 3540 524 3622 sigilli
551 3537 663 3602 robore
691 3536 915 3599 communitur.
957 3534 1023 3598 Nos
1049 3533 1265 3599 Erkenbertus
1292 3536 1341 3598 dei
1368 3538 1473 3618 grecie
1498 3555 1615 3619 prepo-

300 3638 381 3700 situs
407 3636 438 3696 in
470 3629 617 3694 idosbnob
644 3634 675 3692 et
701 3627 873 3692 canonieus
901 3624 1131 3708 Erbipolensis‚
1161 3645 1233 3689 cum
1256 3626 1376 3709 prefate
1396 3625 1478 3690 bona
1501 3627 1617 3689 omnin

300 3734 370 3809 post
395 3723 518 3786 obitum
547 3721 652 3783 fratris
682 3719 778 3780 nostri
792 3715 979 3778 'Hermauni
1000 3715 1283 3800 Nuenburgensis²
1308 3716 1439 3780 ecclesie
1459 3716 1615 3800 prepositi

300 3817 339 3880 ad
365 3834 430 3885 nos
453 3815 522 3875 iure
547 3809 791 3893 propinquitatis
819 3807 953 3869 transire
975 3813 1103 3888 possent
1127 3812 1159 3870 et
1180 3806 1343 3885 deberent,
1372 3808 1451 3890 ipsis
1479 3823 1619 3892 presen-

299 3906 386 3970 tibus
418 3904 659 3967 renunctiamus
687 3905 717 3962 et
744 3917 799 3981 per
824 3899 1047 3980 appensionem
1076 3895 1170 3978 sigilli
1198 3899 1298 3960 nostri
1324 3897 1399 3961 huic
1427 3885 1616 3962 vendicioni

300 4015 490 4060 consensum
515 3999 661 4055 nostrum
687 3987 884 4053 ostendimus
912 3987 1047 4051 affuisse.
1095 3989 1176 4050 Acta
1203 3994 1279 4051 suut
1298 3989 1357 4051 hec
1379 4009 1462 4052 enno
1482 3983 1617 4048 domini

298 4097 437 4152 M⁰cco⁰
459 4105 557 4160 nono,
582 4084 616 4144 in
646 4081 753 4162 vigilia
774 4079 969 4162 Epypbanie.
1011 4078 1117 4142 Testes
1145 4085 1221 4142 sunt
1247 4079 1397 4142 dominus
1418 4077 1620 4142 Ludewicus

299 4181 337 4242 de
358 4175 562 4259 Degenstete‚
586 4173 736 4236 dominns
756 4169 917 4257 Henrieus
938 4170 976 4232 de
999 4167 1246 4250 Wnldesberglr,
1265 4168 1415 4233 dominus
1434 4163 1622 4230 lirnfridus

300 4268 517 4332 thesaurarius
543 4263 689 4328 canonici
716 4260 1017 4342 Nuenburgenses²‚
1048 4257 1209 4321 Henricus
1235 4259 1273 4322 de
1296 4259 1453 4340 Canburg,
1473 4254 1622 4318 vitreus

299 4360 337 4423 de
359 4358 541 4421 Botenstete
563 4354 703 4438 perpetui
727 4351 836 4414 ricerii
858 4351 998 4413 eiusdem
1021 4347 1151 4411 ecclesie
1173 4347 1455 4432 Nuenburgensis⁸.

368 4474 550 4543 aNuburgeri
571 4473 595 4524 T
627 4470 813 4540 Nuenborgen
832 4468 861 4521 D
933 4457 945 4494 ¹³
964 4469 1141 4539 proprietatis
1160 4468 1190 4522 D
