3402 5152
306 394 359 452 390
678 389 910 450 Urkundcnbuch
928 391 977 450 das
995 389 1122 448 Klosters
1140 387 1243 446 Plorte.

308 553 376 612 acta
397 549 575 627 hominum,
596 565 658 630 quo
680 552 837 629 geruntur
859 548 891 609 in
915 551 1063 629 tempore,
1084 565 1135 610 ne
1157 543 1254 608 simul
1275 543 1308 606 in
1331 542 1520 606 oblivionem
1541 531 1601 606 eant

307 659 382 701 cum
404 644 555 722 tempore,
579 639 703 721 scriptis
725 643 756 701 et
777 636 912 701 testibus
933 637 1130 720 perhennari,
1151 653 1188 698 ea
1202 639 1327 717 propter
1342 639 1406 696 tam
1418 633 1602 717 presentibus

308 749 404 813 quam
424 729 542 792 futuris
561 733 672 794 notum
695 749 764 792 csse
786 728 935 790 volumus
957 729 1126 806 universis,
1148 725 1244 808 quod,
1265 743 1339 786 cum
1355 743 1413 787 nos
1427 729 1457 787 et
1471 731 1601 787 nostrum
1691 755 1692 772 κ

308 819 474 883 cenobium
501 817 703 882 intollerabili
733 837 905 884 usurarum
938 823 970 882 et
997 817 1176 880 debitorum
1198 833 1294 878 onero
1314 832 1544 897 premeremur,
1569 817 1603 876 ita

309 910 393 993 quod
416 909 600 973 nullatcnus
621 929 676 991 per
698 909 934 972 distractionem
950 907 1117 970 mobilium
1131 927 1149 969 a
1163 905 1246 968 mole
1263 908 1423 968 tantorum
1438 903 1602 967 debitorum

308 1001 406 1064 eximi
435 1006 466 1062 et
491 1001 656 1062 exonerari
675 1018 857 1082 possemus,
885 998 1011 1062 tandem
1035 997 1260 1061 deliberatione
1281 995 1487 1074 consiliisque
1507 994 1603 1057 multis

308 1088 480 1174 prehabitis
512 1089 550 1152 de
578 1107 737 1152 consensu
768 1089 933 1152 reverendi
971 1090 1068 1172 patris
1101 1088 1199 1150 nostri
1229 1085 1351 1148 domini
1379 1084 1477 1147 Vlrici
1506 1083 1603 1148 Nuer·
1691 1109 1692 1112 ¹

309 1181 478 1264 burgensis
496 1180 632 1262 episcopi
647 1179 685 1241 ad
706 1180 930 1242 alienationem
945 1177 1159 1242 immobilium
1173 1177 1372 1240 decrevimus
1382 1175 1603 1238 declinandum.

308 1271 453 1354 Cumque
485 1272 568 1333 inter
600 1271 707 1332 omnia
740 1274 849 1332 nostra
887 1268 1034 1332 alienatio
1066 1266 1253 1347 molendini,
1284 1267 1369 1349 quod
1399 1265 1603 1348 Kegilsmulel
1688 1270 1692 1279 '

308 1363 439 1441 dicitnr,
472 1362 579 1424 atinus
610 1360 785 1443 dampnosa
814 1350 1021 1440 iudicaretur,
1053 1358 1174 1422 dictum
1200 1357 1419 1422 molendinum
1448 1378 1519 1420 curn
1542 1377 1605 1421 arca
1688 1416 1691 1427 ,

308 1452 445 1536 quadam
466 1453 525 1514 sita
546 1451 580 1512 in
602 1449 675 1512 villa
697 1449 901 1532 Aldenburg,
931 1469 993 1532 que
1014 1449 1103 1529 loyce
1126 1449 1253 1512 tiohstat
1272 1448 1401 1528 dicitur,
1426 1450 1604 1512 monasterio
1686 1436 1691 1519 ἶ

308 1543 453 1607 Portensi
482 1541 710 1622 cysterciensis
737 1540 857 1602 ordinis
885 1540 925 1602 de
953 1541 1116 1603 communi
1145 1545 1175 1601 et
1202 1539 1349 1602 unanimi
1377 1557 1535 1602 consensu
1564 1545 1605 1601 et‘
1688 1599 1691 1608 ,

309 1635 454 1696 omnium
493 1636 639 1694 nostrum
672 1647 821 1712 expressa
858 1630 1021 1693 voluntate
1059 1650 1114 1714 pro
1144 1629 1361 1712 *quadraginta
1399 1629 1513 1691 marcis
1542 1627 1605 1689 Vri·
1689 1641 1690 1646 ’

312 1724 474 1805 bergensis
495 1723 616 1803 argenti
638 1722 837 1804 proprietatis
864 1721 965 1801 tytulo
988 1727 1138 1804 perpetue
1157 1719 1384 1802 possidendum
1407 1717 1607 1789 vendidimus

309 1815 562 1899 presentavimus
591 1817 621 1875 et
648 1811 898 1876 contradidimus
926 1831 998 1876 cum
1022 1809 1109 1874 omni
1131 1812 1216 1890 iure,
1242 1810 1396 1887 dominio,
1422 1809 1607 1892 proprietate,

308 1905 516 1989 possessione,
538 1902 745 1984 proventibus
762 1922 799 1964 ac
819 1901 1010 1965 utilitatibus
1030 1899 1190 1982 omnibus,
1212 1919 1274 1982 que
1296 1899 1389 1962 nobis
1408 1899 1606 1980 conpetebant

310 2002 341 2057 st
362 2012 425 2076 que
446 1989 642 2056 habebamus
665 1993 699 2054 in
721 1994 798 2075 ipso,
819 1992 916 2054 nichil
938 1993 1017 2054 iuris
1031 1991 1123 2054 nobis
1139 1993 1171 2053 in
1192 1992 1273 2052 dicto
1290 1989 1472 2052 molendino
1489 1991 1606 2072 penitus

307 2087 512 2147 reservantes.
556 2079 657 2163 Super
682 2083 847 2144 evictionis
875 2087 980 2146 atatem
1005 2089 1036 2145 et
1062 2081 1219 2144 vvarandie
1246 2080 1449 2143 cautionibus
1470 2083 1604 2144 omnium

307 2173 519 2258 predictorum
537 2170 739 2235 venditorum
755 2177 786 2234 et
800 2173 1048 2235 contraditorum
1060 2171 1235 2236 secundum
1251 2175 1332 2233 terre
1348 2171 1603 2234 consuetudinem

307 2265 485 2347 antiquitus
514 2261 711 2326 observatam
744 2282 802 2325 nos
831 2267 862 2325 et
886 2268 1032 2326 nostrum
1060 2262 1289 2325 monasterinm
1318 2261 1518 2344 presentibus
1537 2261 1605 2324 obli·

307 2375 429 2439 gamus.
471 2353 653 2417 Senecam
679 2355 711 2415 in
743 2354 905 2436 premissis
934 2353 1083 2416 omnibns
1109 2357 1216 2416 nostra
1245 2368 1296 2416 res
1319 2352 1439 2416 utiliter
1460 2354 1501 2416 sit
1519 2361 1606 2435 gesta,
1683 2397 1686 2404 .

308 2452 345 2510 ut
370 2451 400 2508 et
427 2448 558 2506 tractata
584 2445 629 2506 sic
651 2449 681 2506 et
701 2442 934 2506 racionabiliter
954 2449 1079 2526 peracta
1099 2449 1250 2526 perpetua
1271 2441 1420 2506 firmitate
1443 2444 1608 2506 consistant

308 2555 432 2613 secura,
458 2538 635 2616 presentem
662 2535 810 2617 paginam
840 2533 975 2615 desuper
1003 2535 1213 2615 conscriptam
1245 2536 1344 2596 nostri
1377 2533 1474 2616 sigilli
1504 2533 1608 2596 robore
1690 2487 1694 2618 i

306 2628 442 2690 fecimus
464 2625 665 2688 communiri.
707 2623 773 2686 Nos
795 2624 923 2687 Vlricus
951 2624 1000 2687 dei
1027 2627 1133 2706 gracia
1161 2625 1340 2707 episcopua,
1362 2622 1525 2687 Conradus
1544 2643 1608 2706 pre·

310 2717 439 2800 positus
459 2713 666 2778 Hermannns
687 2715 827 2778 decanus
847 2721 1015 2798 totumque
1035 2715 1209 2798 capitulum
1231 2715 1362 2778 ecclesie
1382 2713 1411 2778 N
1415 2715 1606 2798 neuburgen·
1687 2683 1694 2790 i

308 2811 360 2886 sis,
381 2825 455 2869 cnm
476 2805 616 2887 prefatus
638 2812 818 2869 contractus
840 2806 878 2868 de
901 2813 1007 2868 nostro
1029 2807 1162 2868 consilio
1175 2806 1398 2884 emanaverit‘l,
1417 2825 1473 2888 pro
1494 2805 1607 2869 lrabun-
1687 2841 1691 2885 ‚¹

309 2899 455 2960 danciore
467 2895 588 2958 cautela
603 2898 636 2958 in
654 2902 859 2959 aucmentum
874 2896 996 2958 roboris
1012 2895 1212 2978 presentibus
1227 2905 1335 2960 nostra
1349 2896 1454 2978 sigilla
1465 2897 1609 2960 duximus
1691 2881 1694 2970 ,Ι

308 2987 502 3072 apponenda.
544 2987 625 3049 Acta
648 2993 724 3050 stant
745 2987 802 3050 hec
823 3006 907 3048 anno
928 2985 1049 3047 domini
1072 2995 1291 3066 M⁰ooc⁰v11e
1317 2987 1349 3050 in
1380 2987 1489 3069 vigilia
1509 2987 1608 3050 Pasce.

306 3078 413 3142 Testes
435 3078 531 3139 huius
552 3079 597 3140 rei
620 3082 696 3140 sunt
715 3077 874 3140 Iohannes
896 3076 934 3138 dc
956 3075 1146 3140 Gozirsteto⁰
1172 3078 1316 3140 notarius
1337 3077 1459 3142 domini
1480 3077 1609 3160 episcopi
1691 3074 1694 3156 t

308 3167 336 3230 N
340 3167 586 3250 neuburgensis,
607 3167 769 3248 Nycolaus
791 3173 964 3250 perpetuus
985 3169 1124 3230 vicarius
1144 3169 1176 3229 in
1200 3167 1298 3246 (lyce,
1320 3165 1392 3230 Otto
1414 3168 1454 3232 de
1474 3167 1610 3232 Liohten-

308 3260 392 3340 hayn
416 3263 447 3321 ct
468 3277 547 3321 suus
568 3256 663 3335 filius,
685 3256 850 3320 Corradus
870 3257 908 3320 de
930 3255 1103 3319 Ezilsdoris
1124 3257 1254 3336 milites,
1283 3256 1450 3321 Conradus
1472 3257 1610 3329 deluo,

307 3349 479 3412 Heinricus
502 3347 627 3410 sculteti
649 3349 733 3411 cives
755 3350 787 3410 in
810 3346 840 3410 N
844 3347 989 3428 uenburg
1009 3354 1040 3410 et
1059 3347 1113 3411 alii
1134 3368 1231 3432 quam
1252 3351 1359 3430 plures
1379 3347 1443 3412 fide
1465 3349 1555 3432 digni.

394 3479 493 3574 'gniat
510 3501 540 3555 D
587 3480 862 3570 lkegelsmolcr
939 3501 995 3555 ‘'ct
1012 3502 1080 3568 fehlt
1100 3502 1125 3554 T
1201 3493 1376 3556 demarcuit
1396 3501 1423 3556 Τ
1489 3501 1608 3558 ‘cater-

306 3583 429 3639 stedcT
497 3572 672 3636 ‘Esclstorff
688 3581 713 3633 Τ

836 3699 1085 3709 Μ

310 3761 424 3844 1306.
455 3759 633 3862 lprtla.
1523 3755 1608 3840 llo.

387 3905 458 3970 Das
485 3905 717 3970 Moritalcloster
742 3905 788 3969 bei
815 3903 1005 3986 Noumburp
1034 3905 1182 3988 rerbuuft
1210 3903 1367 3972 Solamen
1397 3909 1502 3974 baba·
1529 3903 1611 3969 scine

348 3996 460 4060 Miiblc
488 3998 523 4058 ira
550 3996 726 4078 Allenbtrrp
754 3997 840 4060 aebst
862 3997 1017 4074 Zubcbdr,
1045 3999 1135 4060 aneu
1162 3997 1265 4061 Actor
1293 3999 1370 4063 bom
1399 3995 1608 4082 monacum

347 4085 542 4149 Fiscbbause
567 4087 636 4150 atad
661 4087 752 4150 cinea
777 4087 993 4153 Gcbcidcar'as
1018 4109 1076 4152 oon
1101 4090 1157 4151 dar
1184 4088 1421 4172 Maricadorscr
1442 4086 1545 4154 Mitule
1562 4101 1610 4143 cm

346 4178 406 4240 dos
426 4175 553 4240 chstcr·
569 4177 677 4257 Pforte
697 4179 753 4258 fiir
773 4183 817 4241 70
829 4177 937 4255 alara
959 4199 1018 4242 oon
1039 4179 1139 4242 duran
1160 4180 1216 4242 der
1235 4180 1486 4260 frtihcrePropst
1504 4172 1610 4240 daretis

350 4271 393 4331 55
414 4266 515 4331 Mcrlt
535 4269 723 4349 cnapfcapco
743 4267 805 4332 lact.

457 4403 592 4477 Hace..-
607 4395 710 4458 naal.
741 4405 832 4460 Taso.

457 4507 570 4560 Daca:
588 4507 724 4561 Deletae:
750 4507 834 4575 Wolff
848 4506 889 4574 Π,
909 4513 968 4562 ars.
1011 4509 1066 4578 azaz.
1087 4509 1202 4565 Panaca
1221 4509 1246 4576 1,
1265 4514 1335 4564 124:
1359 4497 1608 4564 amaricatam!

504 4585 528 4655 Ι,
547 4592 591 4641 80.
629 4587 752 4658 Lepsiraa,
776 4588 823 4642 Kl.
833 4587 909 4642 Salar.
918 4589 943 4657 I,
957 4591 999 4643 71.
1018 4590 1060 4657 ΙΙ,
1072 4594 1130 4646 140.
