3390 5148
316 405 368 460 248
692 397 924 456 Urkundenbuch
939 398 988 454 dae
1006 397 1133 454 Klosters
1151 397 1253 452 Piorte.

315 557 514 620 communiri.
556 554 639 618 Acta
660 557 735 617 sunt
757 552 816 616 hec
837 550 1046 615 Swarcburch
1073 569 1157 613 anno
1180 549 1301 612 domini
1321 551 1606 621 warmunt

316 653 476 730 tempore·
497 642 645 728 paschali,
666 643 701 704 in
722 647 834 704 octava
854 641 981 724 prima.2

385 779 548 850 'tempores

387 882 397 922 ¹
415 884 500 939 Niebt
516 882 723 939 mazacam
795 878 879 934 8Die
897 879 1063 946 Daticmaq,
1080 880 1130 946 [alr
1146 878 1241 932 walcloe
1258 877 1314 932 alab
1332 877 1372 932 bci
1391 877 1535 945 Grotefm
1554 877 1606 931 laia
1677 903 1678 916 ,

314 963 394 1033 Βοῖος
411 963 507 1031 fhadct,
534 962 635 1017 achelai
661 959 862 1028 capacensem
879 976 914 1012 aa
930 959 995 1012 arim
1031 957 1068 1010 Ia
1093 956 1262 1024 Verbiadonp
1289 957 1339 1010 mit
1357 963 1481 1027 tempore
1498 955 1606 1028 paschali
1677 973 1678 980 ¹

313 1044 447 1098 amante
468 1042 527 1096 arad
550 1041 640 1114 prima
663 1040 825 1094 andraeam
848 1038 940 1106 dorric
962 1043 1061 1093 octava
1079 1037 1140 1091 aber
1157 1039 1214 1106 aas
1226 1035 1278 1090 dea
1294 1037 1465 1106 acbudqipen
1482 1037 1607 1091 Mraan

313 1125 355 1178 olo
372 1123 426 1178 den
442 1123 538 1178 actua
559 1122 615 1192 Tap
632 1138 666 1176 aa
685 1120 803 1176 bariolen
820 1119 885 1173 aaa.

314 1385 422 1470 aare.
450 1383 576 1486 apen
604 1385 666 1466 14.
1528 1381 1607 1465 aa.

395 1521 548 1586 Heinrich
576 1519 679 1584 Rilter
707 1539 765 1584 een
792 1519 1019 1584 Ronmanis
1050 1518 1149 1599 opaci
1174 1518 1242 1581 dea
1271 1517 1399 1581 Kloster
1422 1515 1528 1600 Pfortc
1552 1516 1610 1580 eine
1677 1521 1678 1526 ’

350 1609 442 1692 Hafa
465 1610 511 1674 bei
539 1609 708 1674 Wadaaen
736 1629 791 1678 au.
814 1607 866 1671 die
885 1607 1053 1672 demselben
1076 1607 1213 1670 Konrod
1233 1627 1292 1671 von
1312 1607 1422 1672 Berlca
1445 1605 1607 1670 andaciae
1677 1635 1678 1696 ᾗ

350 1699 497 1781 Ebefrau
517 1701 575 1781 fiir
595 1704 637 1764 19
661 1697 759 1762 Mork
777 1697 879 1764 Silber
901 1697 1050 1778 vetoaft
1068 1697 1175 1762 moen.
1677 1699 1678 1752 1

460 1833 595 1889 Hdeoba:
620 1834 665 1892 Or.
681 1834 755 1903 Perq.
782 1832 829 1902 Sp.
844 1831 959 1900 (Boura)
986 1851 1025 1886 an
1050 1833 1139 1886 rotlaer
1160 1831 1219 1885 mad
1239 1837 1339 1901 μήποτ
1366 1829 1483 1885 widem
1505 1831 1608 1886 Maur.

521 1914 639 1968 Wcimar
657 1913 685 1971 S.
696 1913 731 1968 E.
747 1913 780 1972 G.
792 1913 826 1966 A.
837 1911 900 1982 Req.
914 1912 959 1966 Oe.
973 1911 999 1967 S.
1011 1915 1071 1980 586,
1090 1911 1142 1970 Nr.
1156 1917 1181 1971 3.
1202 1941 1234 1950 -
1252 1912 1283 1966 D
1298 1913 1351 1967 421‘
1370 1915 1423 1982 (ta.
1435 1911 1608 1978 Waldichen).
1677 1935 1678 1998 ᾗ

467 2019 644 2090 emmor.
1677 2007 1678 2044 ³

391 2147 452 2228 Ea,
475 2167 537 2229 que
558 2151 714 2229 geruntur
734 2146 768 2208 in
789 2152 944 2230 tempere,
965 2165 1006 2210 ne
1028 2146 1123 2209 simul
1146 2145 1293 2209 labantur
1314 2165 1388 2209 cum
1410 2150 1561 2230 tempore,
1579 2146 1607 2206 in
1677 2137 1678 2174 l

312 2238 437 2321 scriptis
477 2237 606 2300 redacta
643 2235 820 2319 sigillorum
860 2236 1011 2298 convenit
1046 2233 1295 2318 appensionibus
1330 2237 1536 2314 communiri,
1570 2241 1609 2311 ut,
1677 2225 1678 2266 ³

313 2327 466 2409 quociens
486 2345 567 2410 opus
587 2325 697 2402 fuerit,
726 2325 765 2389 de
787 2326 865 2408 ipsis
886 2326 987 2409 possit
1006 2325 1078 2388 lieri
1098 2325 1193 2408 plena
1211 2324 1303 2388 tides,
1344 2323 1430 2387 Hinc
1451 2329 1512 2402 est,
1533 2321 1608 2404 quod
1677 2329 1678 2406 l

311 2436 371 2482 nos
391 2417 564 2481 Heinrious
585 2415 678 2479 miles
699 2412 803 2478 dictus
831 2415 870 2478 de
899 2413 1120 2477 Blankenhain
1142 2417 1207 2476 tam
1228 2414 1384 2497 presentis
1407 2431 1502 2494 quam
1520 2411 1608 2475 lubni
1677 2447 1678 2456 κ

312 2507 362 2570 evi
392 2504 576 2570 hominibus
607 2510 717 2567 notum
749 2523 819 2567 esse
850 2504 999 2567 volumus
1030 2503 1202 2582 universis
1235 2503 1320 2585 quod
1344 2503 1383 2566 de
1411 2521 1565 2566 consensu
1583 2507 1610 2564 ct
1677 2515 1678 2532 *

311 2595 517 2659 conniventia
542 2593 704 2658 Lvdewici
734 2592 858 2667 militis,
879 2591 939 2654 lilii
954 2592 1061 2675 patrui
1083 2593 1146 2656 mei
1167 2591 1242 2655 dicti
1265 2592 1304 2656 de
1325 2591 1516 2676 Meldingin,
1535 2589 1610 2654 Cun-

310 2685 408 2748 radus
433 2690 465 2748 et
494 2703 578 2746 uxor
604 2703 662 2746 sua
687 2683 726 2746 de
751 2682 857 2747 Berka
882 2701 1029 2745 mansum
1053 2681 1212 2764 quendam
1234 2683 1330 2746 situm
1352 2682 1391 2745 ad
1414 2681 1534 2759 villam,
1555 2699 1609 2761 que
1677 2743 1678 2750 ,

311 2774 428 2838 dicitur
454 2771 658 2849 Waldichen,
689 2791 784 2854 quem
814 2772 853 2835 de
880 2790 978 2835 manu
999 2777 1108 2834 nostra
1129 2778 1335 2855 susceperant
1354 2772 1388 2834 in
1408 2771 1517 2852 feodo,
1542 2769 1610 2832 viris

310 2863 476 2946 religiosis,
486 2860 690 2951 R[einhardo]
707 2860 812 2924 abbati
829 2867 861 2924 et
876 2862 1048 2925 conventui
1064 2861 1228 2925 Portensis
1249 2859 1375 2925 cenobii
1390 2859 1610 2942 cysterciensis
1677 2893 1678 2948 ,

311 2953 447 3030 ordiniS,
479 2951 745 3034 Nuenburgensis
777 2950 938 3031 dyocesis,
970 2970 1027 3033 pro
1060 2951 1169 3016 decem
1201 2957 1233 3014 et
1261 2969 1376 3014 novem
1408 2949 1525 3014 marcis
1552 2947 1610 3011 albi
1677 2973 1678 2988 ἢ

310 3042 431 3125 argenti
457 3041 685 3118 vendiderunt,
715 3059 733 3102 a
764 3040 827 3102 iam
856 3038 949 3103 dictis
978 3039 1130 3104 iratribus
1156 3061 1230 3104 cum
1258 3041 1344 3103 omni
1369 3041 1440 3104 iore
1462 3039 1611 3104 videlicet
1677 3055 1678 3110 1

311 3131 397 3214 quod
425 3132 529 3195 eidem
556 3150 667 3194 manso
694 3130 817 3193 adiacet
840 3131 875 3191 in
902 3131 963 3192 viis
991 3135 1022 3194 et
1041 3127 1151 3208 inviis,
1175 3131 1308 3214 campis,
1329 3131 1470 3214 pascuis
1493 3130 1565 3192 ortis
1583 3133 1610 3190 et
1677 3123 1678 3140 ¹

310 3222 401 3300 areis,
423 3225 576 3305 perpetuo
587 3219 824 3303 possidendum.
857 3218 1000 3295 Quorum
1022 3219 1155 3283 fratrum
1177 3221 1369 3304 emptionem
1386 3225 1487 3282 ratam
1502 3219 1610 3281 habere
1677 3263 1678 3294 ,

309 3309 453 3373 volentes
481 3310 670 3373 donavimus
702 3309 748 3372 eis
773 3307 924 3372 benivole
953 3327 1047 3373 omne
1068 3313 1119 3372 ius
1137 3311 1340 3393 proprietatis
1364 3309 1398 3372 in
1419 3309 1479 3372 hoc
1498 3325 1611 3383 manso,

310 3417 397 3482 spem
420 3398 573 3462 habentes
595 3398 721 3475 bonam,
743 3398 828 3479 quod
849 3417 960 3461 eorum
979 3398 1611 3482 orationibusapuddominumpossimus

309 3489 463 3552 adiuvari.
505 3488 550 3552 Ut
577 3493 683 3550 autem
710 3488 768 3550 hec
794 3493 902 3551 nostra
932 3488 1059 3550 donatio
1081 3489 1263 3571 pariterque
1284 3489 1425 3572 ipsorum
1446 3488 1559 3571 emptio
1581 3486 1608 3546 in

309 3585 471 3662 posterum
494 3583 678 3660 permaneat
698 3576 889 3640 inconvulsa
909 3577 1241 3659 roborqueiirmitatis
1252 3583 1441 3661 perpetuum
1453 3576 1610 3640 sorciatur.

308 3673 489 3752 presentem
508 3668 655 3750 paginam
678 3667 867 3729 tradidimus
889 3668 989 3730 nostri
1005 3666 1101 3749 sigilli
1113 3667 1225 3732 robore
1240 3669 1478 3731 communitam.
1509 3666 1611 3730 Testes

309 3757 405 3820 huius
433 3757 509 3820 iacti
539 3762 613 3820 sunt
638 3755 821 3839 Berngerus
848 3757 886 3818 de
913 3756 1098 3834 Mulhusen,
1127 3756 1291 3820 Bernices
1317 3757 1356 3820 de
1385 3753 1612 3829 Blankenhain,

309 3845 482 3910 Heinricus
509 3846 548 3910 de
569 3846 752 3928 llleldingen
782 3845 914 3924 milites,
942 3845 1115 3910 Heinricus
1136 3847 1310 3926 Bettestro,
1341 3846 1554 3910 Heidenricus
1574 3843 1611 3906 de

309 3934 413 4012 Rode,
440 3933 608 3998 cunradus
629 3935 747 4018 Scaph,
769 3933 931 3998 Heoricus
953 3933 1049 4014 Stayl,
1071 3935 1254 4000 llridericus
1275 3935 1314 4000 de
1336 3935 1497 4010 Cracovia,
1516 3935 1611 3996 trater

308 4023 499 4088 Ludewicus
528 4029 646 4102 cantor,
672 4023 879 4088 Hermannus
906 4028 1027 4103 textor,
1056 4024 1239 4090 Fridericus
1269 4027 1440 4090 Bauuarus
1469 4022 1611 4088 conversi

309 4112 488 4176 Fortenses
528 4113 611 4176 Acta
637 4118 712 4176 sunt
737 4113 796 4176 hec
829 4131 912 4204 anno
936 4113 1055 4175 domini
1080 4112 1355 4194 n⁰eo⁰Lxu1u⁰,
1384 4114 1556 4178 indictione
1576 4121 1612 4185 1¹,

308 4201 424 4266 Xv111⁰
444 4201 597 4268 kalendas
618 4203 692 4266 Mai.
