3400 5148
322 381 372 438 194
691 379 919 440 Urlrundenbuch
938 380 987 440 des
1005 379 1130 440 Klosters
1148 378 1249 443 Plorte.

319 534 570 600 Heruersleiben·
590 543 699 600 tenom
720 537 917 620 presentium
939 537 1196 617 recognoscimus
1216 540 1254 599 ¹et
1280 535 1386 598 lucide
1407 540 1610 618 protestamur,

320 625 406 706 quod
434 625 607 688 Heinrious
635 625 800 689 Cristiani¹
828 626 920 690 miles
950 627 1002 688 iub
1025 625 1147 688 Gebese
1170 625 1209 688 de
1230 640 1390 688 consensu
1411 631 1521 688 nostru
1543 625 1610 688 simi-

319 714 444 778 litaret
466 707 620 778 heredum
642 735 773 778 suorum
795 714 940 778 vendidit
961 715 1041 778 duos
1062 734 1155 797 agros
1177 715 1216 778 de
1238 713 1390 778 salicibus
1404 715 1566 778 monachis
1582 715 1611 776 de

320 804 416 867 Porta
442 803 562 868 ordinis
584 802 830 884 099199919ηεί9ο
850 805 887 866 in
910 803 1173 868 Hentseesleibeu
1197 804 1289 866 iuxta
1315 801 1522 885 Steingrabeu
1552 804 1612 866 sitos
1690 813 1692 870 ξ

318 914 376 976 pro
398 900 518 977 septem
546 894 732 957 fertonibus
775 894 823 957 Ne
852 895 900 970 id,
931 894 1016 975 quod
1047 912 1153 956 coram
1185 893 1278 956 nobis
1303 899 1351 956 est
1376 899 1483 956 aetum
1509 894 1565 956 rite
1584 911 1612 954 aa

319 982 566 1060 racionabiliter,
591 983 624 1045 in
647 990 810 1065 posterum
839 984 910 1063 quis
929 984 1093 1046 inficiatur
1112 982 1195 1061 (sic),
1221 982 1302 1044 hane
1324 987 1429 1044 notam
1453 982 1612 1044 munimine

321 1072 416 1152 sigilli
440 1072 538 1134 nostri
558 1072 693 1134 fecimus
715 1071 866 1135 roborari.
907 1073 1014 1137 Huius
1036 1074 1082 1136 rei
1112 1079 1208 1136 testes
1229 1079 1305 1135 sunt
1328 1071 1517 1154 Hartungus
1538 1071 1613 1134 miles

319 1163 423 1224 dictus
448 1161 632 1244 Cingelered
662 1169 693 1224 et
718 1163 877 1226 Bertohus
897 1163 988 1226 miles
1014 1163 1053 1226 de
1073 1161 1283 1226 Daelrebeohe
1305 1168 1336 1223 et
1357 1161 1518 1224 Gunzelo⁰
1538 1161 1614 1223 miles

320 1252 359 1315 ‹le
391 1251 640 1315 Heruersleibon
674 1259 706 1314 et
736 1251 888 1316 Albertus
920 1252 1075 1315 scultetus
1110 1259 1217 1315 noster
1248 1260 1279 1314 et
1309 1249 1495 1314 Dithmarus
1524 1250 1614 1332 lepus

320 1342 424 1404 dictus
441 1341 623 1404 advocatus.
655 1340 773 1404 Datum
787 1348 819 1406 et
832 1349 938 1404 actum
960 1361 1043 1404 anno
1066 1342 1185 1404 domini
1208 1337 1495 1418 ll⁰ee⁰1n<⁰1111·⁰‚
1515 1347 1614 1421 quarto

319 1450 419 1493 nonas
442 1431 560 1494 Marcii.

390 1553 547 1607 'Kirstaffr
569 1554 594 1606 T
643 1551 755 1607 l’del'
819 1551 978 1637 ucystlcrcri
997 1552 1026 1604 l)
1079 1543 1306 1621 ¹¹T11ngclareT
1355 1551 1558 1605 o(tunsoloT
1688 1495 1693 1651 l

1691 1693 1693 1818 l

325 1869 862 1972 1264.Aprille.tlothu.
1543 1871 1616 1954 ua

398 2016 574 2097 Landgraf
596 2014 741 2078 Albrerbt
763 2035 821 2077 von
851 2011 1034 2094 Thiirinyeu
1061 2013 1227 2086 mauride,
1260 2015 1335 2077 class
1359 2015 1480 2078 erdem
1501 2013 1617 2078 Kloslcr
1691 2011 1692 2024 *

359 2108 468 2186 Pt'orte
487 2107 577 2168 cireen
597 2105 700 2168 Aclrer
719 2105 755 2166 in
778 2103 945 2168 Gcrnstedt
963 2123 1004 2168 aa
1026 2105 1112 2183 ripen
1130 2103 1258 2183 pepcbcn
1278 2103 1361 2166 habe.
1690 2087 1693 2226 p

470 2239 602 2294 auser„-
619 2236 649 2290 D
666 2242 703 2292 28
720 2239 771 2306 (tit.
783 2238 949 2302 Gemstete).

469 2343 582 2398 Druck:
599 2343 733 2397 Deutacb:
757 2343 841 2410 Wolff
854 2342 898 2409 ΙΙ,
919 2346 979 2396 121.
1690 2277 1693 2450 l

399 2471 465 2536 Nos
492 2471 643 2534 Albcrtus
670 2471 722 2534 dei
748 2471 848 2553 gratia
875 2469 1046 2552 Thuringio
1074 2470 1270 2552 lantgravius
1296 2477 1328 2534 et
1355 2491 1461 2534 comes
1488 2471 1618 2535 Saxonis
1690 2465 1693 2544 l

319 2563 477 2646 palatinus
503 2561 760 2644 recognoscimus
786 2559 924 2623 litteram
952 2580 1008 2644 per
1033 2567 1228 2644 presentem,
1258 2561 1343 2642 quod
1369 2561 1498 2624 domino
1520 2560 1618 2623 abbati
1691 2549 1692 2566 ¹

319 2661 351 2715 et
378 2652 550 2714 conventui
576 2651 608 2711 in
637 2650 733 2712 Porta
758 2669 859 2712 unum
885 2669 997 2732 agrum
1025 2650 1141 2712 allodio
1170 2651 1337 2714 Gernstete
1367 2649 1563 2714 adiacentem
1589 2650 1619 2711 in

318 2743 482 2824 proprium
510 2741 656 2802 dedimus
682 2747 834 2822 perpetuo
864 2739 1106 2822 possidendum,
1133 2759 1227 2821 quem
1255 2760 1366 2824 agrum
1393 2740 1563 2804 Heinricus
1584 2739 1618 2800 de

321 2831 494 2894 Owerstete
521 2837 614 2892 antea
639 2849 658 2890 a
684 2829 777 2891 nobis
803 2829 986 2912 possederat
1007 2829 1108 2910 tytulo
1130 2829 1255 2892 feodali.
1298 2829 1336 2892 In
1358 2831 1450 2893 cuius
1471 2831 1517 2894 rei
1539 2829 1618 2893 testi·

319 2922 463 2984 monium
488 2925 667 3002 presentem
693 2919 831 2981 litteram
861 2918 1006 2982 dedimus
1034 2919 1203 3001 sigillatam
1231 2921 1264 2980 iu
1293 2919 1374 2982 Gota
1399 2939 1483 2982 anno
1506 2917 1618 2982 domiui

321 3007 606 3088 ll⁰ee⁰ux⁰m1⁰,
627 3009 711 3070 Xi³l⁰
730 3007 883 3070 kalendas
904 3007 988 3070 Maii.

320 3247 434 3329 1264.
461 3247 550 3330 Mal
577 3249 638 3330 13.
1534 3246 1619 3328 180.
1690 3335 1691 3360 ζ

403 3393 469 3458 Otto
491 3394 582 3476 Graf
595 3415 653 3458 voa
675 3393 866 3460 Orlann'iade
886 3394 1044 3469 beleundct,
1066 3395 1140 3456 dass
1160 3393 1228 3458 eine
1246 3393 1433 3458 amonica
1453 3394 1559 3458 Moto
1577 3413 1619 3454 aa
1690 3445 1691 3474 p

359 3485 414 3548 der
439 3483 552 3548 Plotbc
576 3485 644 3546 und
673 3486 724 3547 ein
754 3483 847 3548 Webr
873 3486 908 3548 io
933 3485 988 3548 der
1016 3483 1122 3558 Saule,
1149 3485 1200 3548 die
1223 3484 1316 3548 strete
1336 3483 1394 3546 mit
1412 3485 1482 3548 dean
1499 3483 1621 3548 Korra

360 3574 468 3654 Psortc
497 3573 678 3636 veursacbt
706 3573 826 3650 hatten,
861 3575 922 3638 llam
951 3574 1150 3656 autpebrssen
1180 3575 1276 3650 sciere,
1310 3575 1379 3636 und
1409 3575 1484 3638 dass
1505 3594 1546 3636 aa
1565 3573 1621 3636 der

361 3662 472 3726 Plotlra
499 3665 568 3727 aad
595 3685 639 3726 aa
669 3666 725 3727 der
750 3664 844 3728 Strata
873 3685 931 3728 oon
956 3666 1011 3728 der
1039 3664 1214 3743 Miindunp
1246 3664 1299 3726 ces
1328 3662 1547 3744 Tropebcctesl
1575 3663 1622 3725 bis

360 3751 550 3834 Ziepcnrdct
577 3754 665 3816 triac
692 3753 803 3818 Mrible
828 3755 901 3818 oder
929 3753 1018 3818 Webr
1042 3774 1115 3818 eum
1140 3751 1306 3816 Nacbtbeil
1332 3754 1386 3816 des
1413 3751 1621 3831 1119919999-

358 3843 434 3906 baut
455 3843 577 3906 wadon
598 3844 699 3924 dorse.
847 3859 848 3864 ’

469 3983 604 4040 Ηᾱενὶιν,;
625 3981 655 4036 D
673 3975 727 4036 46υ
744 3984 797 4050 (tit.
812 3983 996 4054 Cygeurulre).

469 4089 590 4143 Drncte:
621 4089 742 4223 1219919919
759 4088 824 4154 HI,
848 4093 891 4143 23.
937 4089 1073 4144 Deutscli:
1108 4091 1191 4160 Wolff
1209 4091 1256 4160 II,
1281 4095 1338 4146 121.
1380 4089 1621 4160 11919119ίέ999-

518 4173 586 4224 star·
607 4175 624 4224 9
646 4187 671 4224 a.

398 4291 465 4357 Nos
495 4293 567 4357 Otto
595 4294 647 4356 dei
679 4293 779 4376 gratia
809 4313 916 4356 comes
944 4295 983 4357 (19
1011 4294 1206 4359 Orlamunde
1234 4303 1344 4359 notum
1376 4315 1445 4359 esse
1477 4293 1621 4376 cupimus

319 4385 477 4448 universis
504 4383 702 4446 intuentibus
729 4401 858 4466 presens
884 4385 1049 4467 scriptum,
1078 4386 1179 4466 quod,
1207 4405 1280 4448 cum
1308 4387 1392 4449 inter
1417 4385 1556 4449 abbatem
1587 4388 1622 4444 et

318 4480 511 4537 conventum
533 4473 571 4534 de
594 4471 690 4534 Porta
716 4491 758 4534 ex
790 4491 855 4533 una
882 4481 970 4555 parte
996 4480 1028 4536 et
1047 4473 1253 4555 Rudegerum
1274 4480 1306 4538 et
1325 4476 1411 4538 filios
1432 4495 1504 4540 suos
1523 4489 1623 4554 super

318 4562 499 4628 molendino
522 4562 561 4624 de
583 4581 665 4624 novo
689 4567 870 4624 constructo
889 4563 924 4626 iu
944 4581 1036 4644 aqua,
1058 4583 1120 4646 que
1142 4565 1368 4647 diciturPlota,
1389 4563 1622 4630 etHeinricum
