3442 5148
659 351 890 408 Urkundcnbuch
907 350 955 406 dea
973 351 1099 407 Kloaters
1117 350 1220 406 Plorte.

438 501 565 558 Dtmcke:
584 503 709 568 Bdbmar,
730 503 801 557 Acta
815 504 905 570 imper.
919 503 960 560 94.
980 503 1113 556 Dcutccb:
1139 503 1224 570 Wolff
1239 503 1263 561 1,
1284 506 1342 556 122.
1368 497 1590 569 VrtuRet'taen·

487 586 555 638 atain
574 585 636 638 50b.
658 584 718 640 bod
728 583 793 650 dipl.
806 585 909 636 Auludt
927 583 952 648 Ι,
965 584 1022 640 317,
1042 599 1064 635 c.
1083 583 1256 636 Malueratcdt
1275 583 1299 648 I,
1319 582 1370 635 Nr.
1385 582 1460 638 1341.
1479 579 1596 650 &stupf

487 663 539 721 Nr.
553 668 630 721 3778.
659 664 719 719 Ocd.
729 663 793 731 dipl.
806 665 869 718 Sar.
879 681 930 732 rep.
941 663 966 728 I,
978 664 1020 724 ΙΙ,
1031 667 1089 716 187.

367 779 405 842 In
425 779 553 842 notariae
576 785 683 842 sancte
705 789 736 842 et
757 780 921 842 individue
943 779 1099 841 trinitatis.
1141 779 1321 841 trinodem
1341 779 1449 840 divina
1462 779 1592 840 favente

288 868 458 932 clementia
483 868 700 931 Romanorum
726 870 897 950 imperator
922 875 953 931 et
979 889 1104 952 semper
1130 877 1292 951 augustus,
1344 873 1438 931 Anno
1468 869 1594 952 imperii

289 957 388 1020 nostri
410 959 549 1039 quinto,¹
572 959 780 1021 ordinationis
801 968 907 1022 autem
931 965 1035 1022 nostre
1057 960 1175 1021 terciol
1202 961 1319 1021 tacurm
1343 966 1405 1036 est,
1428 965 1463 1020 ut
1483 957 1593 1020 Siboto

290 1047 328 1110 de
357 1046 540 1111 Scartuelde
569 1055 601 1110 et
632 1049 743 1111 homo²
769 1051 838 1112 eius
867 1049 1071 1112 Gotbetridus
1098 1049 1136 1111 de
1165 1047 1362 1112 Dudeleiueu
1389 1049 1525 1111 fratrum
1551 1047 1592 1109 de

289 1135 385 1200 Porta
406 1137 646 1219 possessionem,
668 1157 730 1219 que
747 1139 863 1201 dicitur
874 1139 1080 1220 Nuenlregen,
1100 1138 1288 1200 invaderent
1298 1143 1484 1214 asserentes
1507 1136 1593 1217 quod

288 1226 335 1288 illi
367 1228 479 1289 iratres
510 1227 703 1291 beneficium
735 1230 875 1312 ipsorum
908 1229 1115 1292 clamdestino
1146 1229 1345 1310 coemptione
1375 1229 1441 1291 suis
1471 1227 1597 1290 finibus

290 1316 494 1380 addidissent.
553 1318 633 1380 Cum
668 1327 774 1381 etitem
810 1319 1036 1396 Theodericus,
1076 1317 1267 1380 venerabilis
1302 1317 1400 1380 abbas
1430 1317 1596 1380 Portensis

290 1406 438 1484 ecclesie,
473 1407 676 1490 privilegium
708 1427 801 1471 suum
831 1406 924 1471 nobis
955 1413 1175 1491 presentasset
1207 1405 1372 1469 inrentum
1404 1419 1452 1470 est
1484 1427 1596 1490 regem

292 1494 491 1571 Cirnmdum,
521 1503 754 1561 antecessorem
782 1508 814 1562 et
840 1506 986 1582 patrumm
1014 1503 1173 1573 nostrum,
1199 1497 1332 1560 candem
1360 1499 1595 1580 possessionem

291 1585 330 1647 de
354 1585 452 1648 libera
472 1593 503 1648 et
524 1587 668 1649 absoluta
689 1589 776 1669 regni
800 1589 879 1670 stipe
902 1588 1020 1670 pretate
1044 1587 1177 1649 ecclesie
1204 1607 1260 1669 pro
1286 1588 1392 1651 anima
1412 1606 1469 1649 sua
1491 1607 1597 1668 usquc

292 1675 331 1736 ad
354 1676 505 1737 terminos
526 1677 558 1737 in
582 1676 746 1759 privilegio
769 1679 948 1740 nominatos
973 1676 1153 1739 contulisse.
1198 1677 1302 1740 Missis
1323 1679 1431 1758 itaque
1453 1679 1598 1740 ministe-

291 1764 423 1825 rialibus
445 1766 561 1827 nostris
582 1765 745 1829 Waltbero
768 1767 807 1829 de
829 1767 985 1844 Wimare‚
1006 1766 1166 1829 Friderico
1188 1774 1220 1830 et
1241 1767 1385 1830 Garwico
1408 1767 1448 1830 de
1470 1767 1599 1844 Crrlase,

291 1853 485 1916 Heidenrico
513 1855 552 1916 de
581 1855 686 1932 Salza,
714 1857 871 1919 Hartnido
899 1857 938 1919 de
965 1856 1123 1920 direstete
1151 1877 1223 1919 cum
1243 1863 1396 1940 potestate
1417 1857 1598 1941 predictum

292 1942 429 2004 luridum
442 1945 532 2006 iuxta
544 1951 685 2008 tenorem
698 1947 853 2028 privilegii
866 1947 1017 2009 iussimus
1033 1947 1154 2022 ambiri
1177 1953 1209 2009 ot
1218 1947 1412 2009 declaratum
1431 1954 1487 2024 est,
1510 1947 1599 2027 qriod

293 2033 406 2096 iratres
427 2035 579 2097 terminos
601 2055 675 2097 suos
697 2037 729 2098 in
752 2037 840 2098 nulla
861 2047 949 2120 parte
972 2037 1199 2100 transivissent.
1243 2037 1477 2100 Confirmamus
1498 2037 1601 2118 igitur

293 2122 426 2185 ecclesie
452 2123 593 2188 Por-tensi
614 2127 771 2208 imperiali
794 2128 979 2190 auctoritate
1002 2128 1182 2209 scriptoque
1204 2128 1342 2210 presenti
1364 2126 1601 2210 possessionem

294 2231 384 2274 suam
410 2233 483 2276 cum
512 2215 751 2278 evidentissima
777 2217 1084 2299 circumscriptione,
1108 2216 1257 2279 videlicet
1277 2237 1295 2278 a
1317 2217 1402 2278 saxis
1424 2215 1602 2297 terminali-

295 2301 354 2363 bus
378 2302 418 2364 ad
445 2305 598 2366 orientem
629 2325 729 2386 usque
757 2307 796 2367 ad
824 2306 918 2368 altam
942 2313 1071 2368 strabam
1092 2307 1126 2367 in
1149 2307 1322 2383 occidente,
1344 2325 1362 2368 a
1383 2305 1602 2389 septentrione

297 2411 370 2454 raro
401 2413 501 2474 usmre
529 2394 567 2455 ad
596 2395 736 2458 lividum
757 2395 819 2458 Lau
842 2396 961 2459 dictum
984 2404 1016 2459 et
1037 2415 1139 2476 usque
1163 2397 1201 2458 ad
1225 2399 1317 2474 mam,
1340 2415 1401 2477 qua
1424 2397 1463 2458 de
1485 2394 1601 2457 eodem

295 2481 398 2543 riuulo
420 2484 457 2544 ad
481 2484 576 2545 altam
597 2491 726 2547 stratam
748 2486 899 2565 ascendit,
921 2487 952 2547 in
974 2486 1106 2561 meridie
1130 2492 1234 2548 autem
1257 2485 1339 2548 ultra
1361 2485 1498 2548 carradam
1510 2485 1603 2547 rivu-

295 2570 363 2633 lum
402 2592 503 2652 usque
538 2574 578 2635 ad
608 2583 748 2637 montem
776 2583 807 2640 et
839 2595 895 2657 per
927 2575 1106 2638 Crumbach
1139 2594 1263 2656 sursum
1296 2593 1398 2655 usque
1430 2573 1470 2636 ad
1503 2573 1603 2636 altam

295 2666 449 2724 stratam.2
492 2662 640 2726 Preterea
665 2667 874 2748 prescriptum
904 2665 1051 2728 abbatem
1076 2663 1184 2727 villain
1214 2665 1301 2746 regni
1331 2663 1606 2727 Uolkoldesroth³

296 2751 412 2813 dictam
434 2771 507 2814 cum
530 2755 630 2833 aquis,
652 2755 777 2836 pascuis
799 2762 830 2818 at
850 2755 939 2817 silvis
959 2775 1061 2835 usquc
1083 2753 1123 2816 ad
1135 2753 1274 2816 terarum
1294 2755 1437 2816 semitam
1452 2758 1603 2832 etusque

296 2838 336 2900 ad
362 2839 545 2922 lapicidium
571 2842 606 2903 in
634 2851 740 2906 monte
769 2843 926 2906 Hartnido
957 2849 988 2905 et
1017 2843 1165 2906 Cunrado
1193 2842 1453 2920 ministerialibus
1473 2843 1605 2917 nostris,

298 2947 433 3007 quorum
463 2931 573 2992 eadem
602 2932 678 2994 villa
706 2933 897 2995 beneficium
926 2933 1043 3004 extitit,
1070 2931 1250 3015 potentibus
1275 2932 1367 2994 bonis
1388 2931 1521 2994 ecclesie
1544 2951 1605 2994 sue

299 3029 476 3098 permutare
509 3022 718 3102 permisimus,
760 3023 893 3106 Recepit
923 3043 998 3104 ergo
1028 3023 1205 3102 Hartnidus
1235 3043 1290 3104 pro
1317 3041 1375 3084 sua
1403 3027 1491 3104 parte
1521 3021 1606 3082 duos

298 3125 426 3169 rnansos
452 3109 483 3170 in
514 3109 692 3174 Alrestctel
721 3121 831 3175 XXllll
861 3112 978 3175 solidos
1003 3112 1186 3188 reddentes,
1212 3131 1358 3174 mansum
1381 3121 1412 3174 et
1433 3110 1605 3172 dimidium

298 3197 331 3256 iu
363 3196 533 3278 aceneres
567 3201 621 3281 qui
652 3221 767 3265 norem
802 3203 920 3265 solidos
951 3203 1087 3279 solvunt,
1120 3201 1287 3264 Cunradus
1317 3206 1423 3264 autam
1454 3219 1511 3282 pro
1545 3219 1608 3261 sua

299 3287 442 3367 portione
475 3288 555 3352 duos
588 3311 715 3354 mansos
750 3293 782 3353 in
813 3293 987 3362 Niresezer
1018 3293 1072 3372 qui
1099 3301 1223 3354 XXVllI
1251 3289 1369 3354 solidos
1395 3289 1539 3356 solvunt.
1573 3297 1607 3351 ct
1704 3337 1705 3362 p

300 3394 399 3438 arrium
419 3377 454 3438 in
475 3377 648 3463 Dopstide⁷
669 3391 695 3444 X
717 3383 835 3446 solidos
856 3383 1050 3446 reddentem.
1092 3381 1269 3444 Hartnidus
1296 3399 1423 3460 quoque
1446 3398 1501 3460 pro
1524 3378 1607 3440 duo·
1704 3373 1705 3422 3

300 3464 359 3527 bus
380 3469 511 3544 mansis,
539 3489 619 3549 quos
639 3473 706 3554 ipsc
729 3473 838 3536 babuit
859 3475 891 3535 in
913 3473 1022 3554 Wige,
1041 3473 1121 3534 duos
1142 3471 1173 3532 in
1194 3470 1332 3534 Alrstete
1354 3468 1482 3549 recapit,
1502 3467 1546 3528 ita
1568 3475 1607 3529 ut
1704 3467 1705 3546 l

299 3575 380 3636 pars,
402 3575 463 3637 que
485 3579 583 3640 regno
605 3571 833 3645 reconpensata
854 3569 910 3638 est,
932 3583 989 3646 per
1010 3563 1116 3624 omnia
1130 3560 1325 3644 precelleret.
1347 3555 1608 3620 Sedetmarchio
1704 3601 1705 3618 t

300 3645 451 3709 Albertus
473 3667 546 3710 cum
568 3670 626 3712 sua
648 3652 701 3734 pia
718 3659 817 3716 matre
840 3653 941 3715 Eilica
963 3653 1031 3734 regi
1052 3650 1199 3714 Cunrado
1221 3651 1254 3711 in
1277 3648 1365 3724 villa,
1397 3665 1457 3727 que
1487 3645 1609 3708 dicitur
1704 3663 1705 3730 ξ

299 3736 438 3820 Lepizc,8
456 3749 511 3801 ΠΗ
533 3759 659 3804 mansos
681 3744 853 3824 resignavit
874 3751 906 3806 et
926 3742 1059 3806 ecclesia
1071 3740 1217 3804 Portensi
1240 3738 1320 3800 tradi
1337 3735 1498 3799 consensit
1508 3739 1608 3814 atque
1704 3733 1705 3800 ζ

300 3830 431 3910 rogarit.
474 3829 625 3896 Similiter
643 3839 674 3896 et
694 3834 834 3896 marchio
857 3833 1024 3896 Cunradus
1046 3841 1074 3894 Η.
1095 3849 1222 3892 pransos
1241 3829 1274 3889 in
1297 3827 1409 3890 eadem
1430 3825 1506 3887 nilla
1527 3826 1609 3886 sitos
1704 3831 1705 3866 ³

301 3919 403 3982 eidam
433 3921 566 3985 ecclesie
589 3942 654 3985 urio
680 3943 790 3986 manso
819 3924 850 3984 in
879 3920 1121 4004 Waldeudorp8
1146 3929 1173 3982 X
1199 3918 1317 3982 solidos
1338 3915 1496 3998 pendente
1518 3931 1608 3978 com·
1704 3991 1705 4002 ἶ

301 4011 419 4072 mutari
449 4032 468 4072 a
499 4013 591 4075 nobis
621 4015 799 4096 inpetravit.
844 4013 886 4075 Ut
916 4013 1013 4092 igitur
1041 4011 1099 4073 hec
1131 4007 1238 4070 lanima
1268 4017 1336 4068 rata
1360 4012 1392 4068 et
1415 4001 1608 4066 inconvulsa
1704 4003 1705 4010 ’

302 4109 520 4184 permaneant,
547 4111 666 4166 cartam
693 4105 785 4168 istam
815 4101 910 4165 scribi
937 4105 969 4163 et
996 4099 1099 4180 sigillo
1124 4103 1232 4160 nostro
1259 4095 1376 4158 muniri
1405 4092 1608 4177 precepimus
1704 4145 1705 4156 ,

302 4191 362 4253 boc
392 4190 535 4273 legaliter
562 4196 803 4267 constituentes,
830 4198 878 4263 ut,
906 4209 1107 4273 quecumque
1137 4187 1288 4250 secularis
1320 4202 1454 4268 persona
1484 4181 1606 4262 aliquid
1704 4207 1705 4210 ¹

303 4281 415 4344 borum
450 4285 622 4365 pervadare
654 4284 897 4366 presumpserit,
939 4291 960 4343 Ἰ,
991 4279 1088 4341 libras
1119 4279 1188 4340 auri
1218 4275 1395 4360 purissimi,
1437 4271 1608 4333 dimidiasl

303 4391 427 4435 camere
449 4381 556 4437 nostre
579 4381 609 4436 et
634 4375 781 4437 dimidias
803 4372 935 4434 ecclesie
958 4369 1103 4432 Portcnsi
1124 4369 1193 4430 sine
1217 4365 1419 4428 miseratione
1439 4360 1608 4444 persolvat.
1704 4397 1705 4402 κ

304 4461 409 4524 Huius
428 4465 473 4525 rei
492 4469 523 4526 et
544 4465 795 4526 confirmationis
815 4468 912 4525 testes
926 4450 1610 4540 affueruntWigmannusMagdeburgensis

304 4553 578 4638 archiepiscopus,
626 4554 807 4618 Hertu'icus
846 4551 1029 4616 Bromensis
1079 4546 1354 4630 archiepiscopus,
1403 4541 1611 4606 Hermannus
