3506 5148
310 356 361 421 502
680 357 909 422 Urtundenbuch
929 365 977 422 des
996 361 1121 424 Kloatera
1140 361 1241 426 Psorte.

308 514 470 581 Pcrtonsis
499 518 672 601 cappellam
702 522 802 583 sancti
823 519 927 604 Egidii
953 522 986 584 in
1010 522 1091 584 valle
1117 523 1208 584 iuxta
1227 526 1367 585 castrum
1392 519 1560 584 Wartberlr
1582 527 1613 583 et

306 609 359 670 ius
387 613 587 690 patronatus,
615 610 701 692 quod
728 611 768 674 ad
796 630 854 674 nos
883 616 914 674 et
934 617 1078 675 nostrum
1100 613 1326 676 monasterinm
1345 611 1520 695 predictum
1545 631 1614 694 per-

306 699 399 776 tinet,
425 700 619 763 conferimus
643 720 717 764 curn
746 703 832 765 omni
859 703 943 781 iure,
971 703 1056 784 quod
1084 701 1177 765 nobis
1198 709 1229 764 et
1250 709 1357 765 nostro
1377 701 1516 784 predicto
1537 720 1614 762 con-

307 789 415 851 ventui
448 795 639 872 conpeteret,
670 791 704 852 in
734 791 879 854 futurum
913 799 1062 876 perpetue
1090 791 1328 875 possidendam,
1365 793 1409 854 ita
1439 810 1515 853 sane
1545 789 1613 870 [nt],

225 957 231 972 .
307 899 403 961 quam
426 881 487 941 cito
509 880 647 963 predicta
667 881 809 964 cappella
830 884 997 960 vacaverit,
1022 902 1079 965 per
1099 883 1255 965 prefatum
1277 881 1440 945 dominum
1465 879 1612 942 abbatem

306 988 364 1031 seu
394 989 489 1032 suum
521 975 713 1034 conventum
741 974 924 1035 monasterii
949 972 1111 1035 Portensis
1143 971 1273 1054 predicti
1298 971 1362 1034 dno
1382 970 1529 1034 monachi
1556 989 1612 1032 ex-

306 1059 437 1122 istentes
468 1060 643 1124 sacerdotes
673 1060 712 1123 de
745 1062 854 1125 eodem
882 1067 1041 1126 conventu
1070 1063 1216 1125 divinum
1242 1061 1364 1124 cultum
1392 1060 1430 1123 ad
1459 1079 1612 1142 augmen·

306 1149 439 1212 tandum
461 1150 494 1213 in
516 1150 669 1233 prelibata
690 1151 830 1235 cappella
854 1153 1072 1236 sanctiEgidii
1093 1160 1242 1236 perpetue
1257 1150 1460 1215 collocentur.
1492 1148 1611 1214 Datum

307 1257 390 1300 anno
412 1238 534 1301 domini
554 1249 580 1302 ll
593 1249 656 1305 CCC
664 1249 763 1320 XXX,
784 1241 913 1305 sabbato
934 1249 1007 1305 ante
1027 1241 1199 1305 invocavit.

377 1355 388 1380 ²
406 1355 447 1408 Ea
464 1357 565 1410 scbeint
583 1357 642 1410 trior
659 1358 704 1410 eia
718 1358 830 1412 Verbum
847 1361 898 1412 wie
914 1359 1087 1413 declaramus
1104 1359 1271 1427 ampesolleu
1288 1375 1323 1412 eu
1339 1359 1405 1422 aaa,
1433 1373 1511 1410 wertu
1536 1357 1611 1410 nicht

310 1440 378 1490 elwa
397 1435 448 1489 dos
465 1453 710 1506 uoeowgeyoapcrw
727 1445 754 1492 et
772 1457 807 1492 zar
824 1441 954 1494 atreicbm
970 1440 1033 1494 oder
1050 1439 1179 1508 cupimus
1195 1456 1230 1491 aar
1247 1438 1381 1492 sebretbeu
1399 1439 1443 1491 ist.

180 1637 182 1640 ’
304 1635 422 1720 1330.
448 1637 689 1722 November
703 1643 761 1724 6st
1521 1641 1610 1722 dli.

384 1771 448 1838 Dic
471 1774 602 1839 Braidcr
626 1777 794 1842 Hermann
818 1778 888 1840 aad
909 1776 1057 1841 Meister
1086 1777 1296 1860 Burypruseu
1316 1797 1376 1840 corr
1395 1775 1538 1839 Meisscrr
1564 1778 1610 1840 be·

343 1865 476 1944 είᾰέὶρεπ
505 1885 601 1946 peperi
632 1868 683 1930 eiu
716 1867 947 1948 Geldpescbcnlr
977 1869 1046 1931 dem
1072 1867 1199 1931 Klostcr
1225 1869 1334 1950 Pforle
1358 1867 1418 1930 dos
1437 1868 1611 1930 densam

343 1973 401 2016 uon
423 1955 521 2018 iliram
539 1955 633 2021 Vatcr
653 1958 801 2022 Meirrbcr
824 1959 893 2021 aad
914 1959 1009 2021 ihaen
1030 1959 1121 2023 selbst
1137 1958 1249 2040 fruibcr
1269 1959 1472 2038 utatrapare
1490 1957 1611 2020 Leirns-

342 2045 426 2108 recbt
444 2045 520 2108 coer
537 2048 664 2127 paroisse
675 2048 889 2130 Besitaurrycn
906 2050 950 2111 tm
962 2048 1254 2131 Dcrfcrilteaburg.
1295 2047 1360 2128 rar.
1373 2045 1431 2110 Nr.
1444 2049 1520 2112 548.
1534 2049 1610 2110 552.

453 2172 586 2228 Hdachc:
614 2173 660 2226 Or.
671 2174 746 2242 Perp.
775 2175 852 2244 rep.
872 2176 1029 2245 obposulieu.
1066 2175 1166 2244 Psorte,
1191 2175 1447 2230 Bibliothecae.
1468 2206 1501 2215 -
1532 2175 1558 2228 Τ
1570 2179 1612 2228 61.

503 2250 533 2305 D
543 2257 577 2306 69
595 2255 648 2321 (tit.
662 2253 840 2323 Aldiubork).

453 2345 565 2400 Druck:
583 2345 718 2401 Dcutaclr:
741 2347 827 2416 Wolff
841 2347 885 2414 ΙΙ,
903 2352 962 2403 440.
1004 2347 1060 2418 Vgl.
1080 2347 1203 2414 Boebure,
1221 2347 1407 2402 Nocbru'clrtcn
1423 2349 1466 2401 38.

383 2468 667 2534 NosHermanuns
689 2470 925 2552 etMeynherus
946 2473 1057 2535 fratres
1078 2473 1129 2536 dei
1144 2474 1251 2554 gracia
1271 2470 1433 2555 burgravii
1448 2469 1613 2552 inbiysna

305 2562 557 2642 recognoscimus
584 2561 645 2622 hiis
670 2563 789 2624 nostris
808 2562 921 2625 litteris
941 2565 1085 2626 omnium
1108 2562 1223 2626 Christi
1244 2561 1385 2626 fidelium
1407 2564 1610 2644 presencium

302 2659 334 2714 et
362 2651 541 2714 futurorum
575 2653 691 2715 noticia
711 2652 811 2734 ingeri
833 2654 1010 2736 cupienteS,
1038 2655 1136 2736 quod,
1166 2654 1238 2716 licet
1264 2653 1302 2715 ad
1336 2654 1537 2735 quorundam
1563 2655 1613 2715 in·
1734 2669 1735 2678 ²

303 2743 454 2804 stinctum
480 2740 718 2804 honorabilibus
740 2743 816 2804 viris
842 2742 970 2805 domino
997 2792 1031 2804 ..
1060 2743 1164 2806 abbati
1186 2751 1216 2806 et
1239 2792 1275 2805 ..
1303 2745 1474 2806 conventui
1497 2763 1614 2806 mona·
1734 2779 1735 2794 ἢ

303 2830 562 2894 steriiPortensis
576 2829 805 2912 cysterciensis
826 2832 945 2894 ordinis
968 2852 1064 2916 super
1083 2834 1174 2916 quasi
1195 2835 1303 2896 minus
1318 2835 1403 2897 iusta
1421 2833 1615 2897 detonsione

303 2940 360 2984 seu
381 2923 591 3004 occupacione
611 2923 690 2985 iuris
706 2922 837 2985 feodalis
854 2922 1029 3006 eliquatum
1044 2922 1119 3003 (sic)
1141 2922 1306 3002 bonorum,
1326 2923 1445 2986 scilicet
1460 2943 1614 2986 arcanam
1734 2969 1735 3000 ,

302 3031 338 3074 ac
363 3017 505 3074 ortorum
533 3013 665 3075 sitarum
693 3019 724 3076 et
744 3014 877 3076 sitorum
898 3014 932 3075 in
954 3012 1028 3075 uilla
1050 3011 1250 3096 Aldenburg,
1276 3013 1419 3095 quesita
1439 3017 1488 3074 est
1512 3030 1615 3095 prope
1734 3039 1735 3044 ¹

301 3101 480 3185 Nucnburg
506 3103 682 3182 civitatem,
708 3121 837 3166 causam
866 3104 934 3166 sive
965 3104 1051 3166 litem
1084 3121 1285 3166 moveremus
1312 3101 1458 3184 pluribus
1486 3102 1525 3164 ad
1551 3103 1615 3164 hoc

302 3191 528 3270 relacionibus,
559 3197 594 3255 ut
621 3191 713 3255 nobis
739 3191 917 3272 videbatur,
946 3193 1091 3255 veridicis
1124 3193 1297 3275 provocati,
1327 3191 1466 3254 volentes
1500 3197 1615 3254 tamen
1734 3199 1735 3220 ¹

303 3299 398 3364 snper
426 3283 472 3344 sic
497 3282 604 3346 relatis
630 3283 909 3366 iuvestigacionem
938 3303 995 3346 seu
1022 3283 1266 3365 inquisicionem
1289 3284 1486 3366 interponere
1507 3281 1617 3364 pleni·
1734 3319 1735 3354 3

302 3389 402 3452 crem,
431 3372 512 3434 bone
540 3375 692 3436 memorie
718 3375 815 3455 patris
842 3374 940 3436 nostri
968 3373 1090 3447 domini
1110 3369 1274 3453 Meynheri
1300 3391 1337 3435 ac
1362 3371 1477 3434 nostris
1498 3376 1617 3454 pateu-

302 3462 389 3525 tibns
419 3462 550 3527 litteris²
580 3482 677 3548 super
704 3463 797 3526 bonis
821 3463 1025 3527 huiusmodi
1052 3481 1127 3546 sepo
1151 3463 1243 3526 dictis
1269 3463 1406 3525 dominis
1432 3513 1468 3526 ..
1500 3461 1617 3526 abbati
1734 3499 1735 3538 ῃ

302 3559 333 3616 et
359 3601 394 3616 ..
422 3556 593 3617 conventui
624 3554 746 3617 traditis
771 3558 802 3616 et
829 3555 987 3616 concessis
1016 3553 1206 3616 examinatis
1227 3552 1363 3616 totaliter
1383 3557 1414 3615 et
1433 3554 1618 3635 perspectis
1734 3571 1735 3606 r

301 3644 485 3706 invenimus
505 3646 557 3706 ins
575 3644 710 3724 feodale,
739 3643 823 3726 quod
844 3645 961 3707 nostris
981 3642 1235 3727 progenitoribus
1255 3652 1287 3705 et
1304 3642 1397 3706 nobis
1416 3643 1451 3704 in
1472 3643 1561 3706 areis
1586 3649 1621 3706 et

302 3735 378 3796 ortis
399 3734 496 3797 huius
517 3734 602 3797 modi
623 3733 822 3817 conpetebat,
853 3733 1001 3816 predictis
1029 3785 1036 3798 .
1058 3785 1066 3798 .
1092 3732 1198 3796 abbati
1227 3739 1258 3796 et
1278 3733 1450 3796 conventui
1471 3751 1529 3814 per
1552 3751 1620 3795 nos
1734 3783 1735 3820 ,

302 3828 334 3886 et
353 3829 477 3888 nostros
495 3825 709 3906 progenitores
729 3823 827 3887 libere
847 3824 999 3887 traditum
1019 3829 1050 3886 et
1071 3823 1233 3887 donatum.
1274 3821 1322 3886 Ea
1343 3827 1468 3905 propter
1483 3827 1621 3886 nostro-
1734 3843 1735 3846 ¹

301 3934 375 3977 rum
401 3916 649 4003 progenitorum,
680 3918 735 3998 qui
758 3915 879 3977 dictum
901 3913 1053 3978 Portense
1074 3914 1302 3978 monasterium
1324 3919 1355 3976 et
1375 3931 1528 3994 personas
1553 3915 1621 3976 deo
1734 3905 1735 3968 ἶ

301 4002 382 4066 inibi
408 4006 579 4067 servientes
606 4007 764 4089 prosecuti
790 4009 866 4067 sunt
892 4010 923 4067 et
950 4004 1225 4088 prosequebantur
1251 4002 1413 4066 favoribus
1445 4005 1623 4085 graciosis,

304 4095 443 4176 vestigiis
470 4095 650 4158 inherentes
677 4097 784 4159 omnia
806 4095 876 4157 iura
896 4095 1030 4158 feudalia
1050 4115 1212 4174 arearum,
1237 4099 1378 4156 ortorum
1401 4098 1432 4156 et
1452 4111 1623 4176 quorum·
1734 4151 1735 4160 ,

302 4202 431 4264 cunque
459 4183 627 4266 bonorum,
653 4204 715 4268 que
741 4184 914 4248 babuimus
938 4185 1067 4247 invilla
1095 4185 1233 4267 predicta
1254 4183 1454 4266 Aldenburg,
1482 4202 1552 4266 que
1577 4186 1624 4248 ad

302 4293 361 4336 nos
382 4274 574 4356 spectabant,
593 4282 717 4359 recepta
737 4277 826 4359 prius
847 4295 866 4336 a
887 4293 959 4358 sepe
984 4275 1075 4338 dictis
1097 4274 1209 4337 abbate
1227 4279 1258 4336 et
1284 4321 1290 4334 .
1312 4322 1319 4334 .
1345 4277 1506 4336 conventu
1528 4293 1625 4356 qua·

302 4363 374 4426 dam
396 4363 527 4429 honesta
547 4367 771 4449 propinacione
792 4366 973 4448 pecuniaria
994 4366 1055 4427 hiis
1076 4367 1192 4428 nostris
1215 4363 1327 4426 litteris
1349 4361 1626 4428 transfundimus
1734 4363 1735 4368 ’

302 4463 333 4516 et
354 4454 572 4519 transierimus
595 4456 731 4520 totaliter
751 4458 784 4518 in
807 4503 834 4516 ..
856 4454 1002 4518 abbatem
1024 4461 1054 4517 et
1074 4459 1267 4517 conventum
1281 4452 1438 4536 predictos
1454 4461 1624 4534 perpetuo
1734 4523 1735 4526 ,

302 4543 503 4628 possidenda,
531 4547 641 4610 dantes
666 4547 783 4610 eisdem
813 4547 894 4607 hanc
921 4545 1056 4608 litteram
1089 4546 1205 4608 nostris
1236 4550 1267 4606 et
1298 4542 1485 4606 dilectorum
1511 4542 1626 4610 nobis
1734 4539 1735 4542 ’
