3402 5152
284 417 335 473 382
654 417 886 474 Urkundenbuch
904 418 953 474 dea
972 417 1098 476 chstera
1117 417 1220 476 Pforle.

329 570 581 649 labiaaenea
603 570 707 634 Labeo
727 569 844 652 pehabt,
869 569 962 633 tharan
983 571 1055 634 aber
1075 570 1241 650 rasiyaiart
1262 568 1330 647 bal,
1351 570 1409 650 fiir
1431 573 1476 634 43
1497 567 1576 632 Mart

324 661 392 724 dem
419 660 545 724 Klosler
569 662 678 742 Psorte
702 661 771 724 ond
797 659 900 724 bassan
927 661 1089 725 densclhea
1116 661 1184 725 dem
1213 661 1423 742 Itandprafen
1448 659 1577 725 Ababa
1690 730 1691 744 χ

256 748 257 756 ’
324 753 391 834 aas.
444 751 506 832 Vqr.
531 749 590 814 Nr.
605 755 677 815 401.

432 879 567 934 Harena:
589 879 613 932 T
622 883 658 932 89
666 871 685 934 ¹².
722 871 832 932 D121b
853 879 1023 948 (tltMellre)
1044 881 1092 935 mit
1112 880 1286 948 Kataaunpca.

435 973 559 1028 Druclre:
587 973 702 1041 Lepsios
709 1013 717 1039 ,
744 973 854 1026 Ruiacn
872 973 919 1027 der
937 973 1107 1040 Rudclshuro
1124 975 1166 1026 81.
1205 970 1342 1026 Deutscb:
1374 971 1458 1038 Wolff
1467 972 1512 1036 II,
1529 974 1579 1024 308.

492 1053 546 1122 Vqr.
567 1053 682 1107 Partacb
700 1053 731 1118 1,
756 1055 816 1106 123.
854 1052 1119 1108 Bmuch-Scbomel
1134 1053 1165 1118 1,
1191 1055 1235 1105 80.
1279 1051 1395 1119 marias
1412 1070 1436 1104 a.
1452 1071 1481 1106 o.
1499 1051 1526 1106 0.
1545 1054 1579 1103 37.

457 1173 463 1184 .
483 1133 572 1200 Dera,
593 1133 638 1187 Kl.
649 1133 723 1191 Schr.
736 1134 777 1200 Η,
795 1136 913 1187 28149.

363 1258 430 1322 Nos
451 1257 619 1322 (lonradus
639 1259 688 1321 dei
709 1258 813 1340 gracia
835 1259 1014 1340 prepositus
1030 1258 1158 1320 maioris
1178 1257 1308 1320 ecclesie
1321 1255 1584 1338 Nuenburgensis

282 1347 506 1426 Theodoriana,
538 1347 709 1410 Heinricns
739 1352 770 1410 et
802 1346 959 1410 Rudolfus
992 1347 1104 1410 fratres
1135 1341 1286 1430 pincerne
1320 1347 1358 1411 de
1386 1347 1516 1414 Saleclre
1543 1366 1584 1410 re·

283 1442 504 1520 cognoscimus
536 1446 567 1502 et
596 1445 705 1503 tenore
734 1439 932 1521 presencium
966 1438 1164 1500 declaramus
1196 1435 1311 1500 Christi
1341 1437 1489 1502 fidelibus
1522 1438 1584 1500 uni-

209 1597 212 1608 ,
283 1531 400 1608 versis,
430 1530 548 1613 quibus
579 1547 674 1592 nosse
705 1529 800 1591 fuerit
830 1535 1041 1611 oportunum,
1070 1527 1169 1610 quod,
1197 1545 1271 1589 cum
1301 1527 1340 1590 ob
1368 1528 1588 1592 intollerabiles

284 1618 462 1682 debitorum
490 1637 654 1702 pressuras
683 1623 713 1680 et
738 1618 924 1698 gravamina
951 1637 1120 1680 usurarum
1144 1617 1312 1680 adrerum
1333 1622 1512 1682 nostrarum
1535 1619 1587 1680 im-

284 1709 450 1772 mobilium
480 1710 715 1772 distractionem
747 1727 948 1791 cogeremur,
975 1707 1101 1770 tandem
1133 1707 1329 1770 multimodis
1349 1708 1492 1772 consiliis
1514 1710 1591 1771 inter

284 1819 342 1862 nos
370 1799 541 1883 prehabitis
570 1800 607 1864 de
637 1801 800 1862 communi
829 1803 860 1864 et
890 1800 1034 1862 urranimi
1061 1817 1220 1862 consensu
1250 1801 1363 1880 atque·
1384 1797 1423 1861 de
1446 1817 1589 1883 expressa

285 1889 447 1953 voluntate
478 1889 716 1953 honorabilibus
752 1891 828 1953 viris
860 1888 988 1952 domino
1015 1888 1204 1952 Theoderico
1233 1887 1339 1951 abbati
1365 1895 1395 1952 et
1421 1890 1592 1953 conventui

284 1981 322 2044 de
348 1979 440 2044 Porta
469 1981 582 2044 silvam
607 1987 747 2044 nostram
780 1999 853 2042 curn
887 1982 970 2062 agris
998 1979 1188 2063 quibusdam
1222 1979 1349 2042 incultis
1380 1978 1441 2042 sibi
1473 1981 1594 2043 fortiter

284 2073 419 2134 annexis
440 2079 471 2134 et
492 2072 531 2134 ad
552 2091 621 2134 eam
643 2069 876 2152 pertinentibus
899 2073 1056 2153 octoginta
1083 2077 1114 2134 et
1135 2089 1192 2133 ser
1214 2071 1323 2152 iugera
1344 2071 1486 2154 vulgaris
1509 2090 1595 2134 men·

284 2180 357 2224 sure
379 2163 604 2240 continentem,
625 2161 717 2223 sitam
740 2179 836 2243 prope
860 2161 965 2224 villam
989 2159 1119 2226 hlellerl
1140 2161 1330 2238 inferiorem,
1359 2161 1419 2222 rite
1443 2180 1479 2224 ac
1497 2161 1594 2222 racio-

283 2251 432 2314 nabiliter
462 2252 665 2315 vendidimus
696 2271 751 2335 pro
784 2250 993 2334 quadraginta
1028 2257 1058 2314 et
1089 2251 1192 2314 trihus
1227 2250 1340 2311 marcis
1372 2247 1596 2332 Vribergensis

284 2343 404 2424 argenti
427 2342 518 2405 nobis
539 2343 658 2405 utiliter
679 2347 709 2404 et
729 2340 925 2423 integraliter
946 2342 1127 2425 persolutis,
1148 2342 1191 2402 ita
1212 2340 1379 2416 duntaxat,
1408 2345 1444 2403 ut
1465 2341 1596 2404 dimidia

284 2452 390 2496 marca
418 2451 473 2516 pro
501 2432 641 2516 quolibet
668 2433 777 2512 ingere
804 2430 1143 2512 singillatim'veniat,
1172 2450 1227 2512 pro
1259 2430 1381 2493 inculto
1411 2432 1508 2494 sicuti
1542 2449 1596 2514 pro

284 2523 414 2604 lignosa
456 2521 524 2585 Hec
543 2529 647 2584 autern
671 2521 751 2582 silva
773 2523 834 2583 iam
857 2522 988 2603 prefata,
1017 2542 1032 2582 a
1058 2520 1312 2592 nobisvendita,
1333 2521 1440 2588 certis,
1462 2521 1599 2604 propriis

284 2621 315 2676 et
336 2613 517 2696 patentibus
542 2615 634 2676 metis
657 2623 702 2675 est
725 2613 879 2674 distincta.
925 2611 1026 2675 Habet
1049 2613 1135 2704 eninr
1166 2613 1196 2674 iu
1221 2611 1394 2694 primaeui
1417 2611 1523 2676 fronte
1544 2631 1597 2696 pro

285 2705 419 2766 termino
444 2704 554 2766 silvanr
583 2703 716 2766 fratrum
739 2702 957 2782 Portensium,
984 2703 1158 2767 secundum
1187 2721 1259 2764 vero
1288 2702 1372 2765 latus
1399 2721 1433 2766 se
1459 2702 1536 2766 finit
1563 2703 1600 2764 ad

286 2799 413 2858 stratam
446 2793 623 2877 publicam,
654 2811 716 2874 que
748 2803 795 2854 est
819 2792 853 2853 in
883 2801 969 2875 tergo
996 2793 1113 2854 montis
1135 2791 1280 2874 Salberg‚
1312 2793 1408 2855 tercia
1433 2791 1548 2855 itidem
1572 2797 1600 2854 et

286 2889 399 2966 quarta
426 2885 495 2946 eius
522 2883 705 2946 extremitas
734 2883 817 2963 agris
845 2886 875 2944 et
902 2881 1184 2945 communitatibus
1210 2883 1403 2946 rusticorum
1428 2885 1462 2946 in
1487 2882 1605 2946 Meller

286 2973 352 3036 fore
384 2974 534 3055 contigua
566 2972 846 3036 demonstratrrr⁰.²
888 2969 928 3033 Et
950 2974 1023 3054 quia
1045 2972 1269 3055 prescriptam(1
1296 2972 1409 3035 silvam
1439 2975 1471 3035 in
1504 2973 1603 3036 fendo

287 3063 459 3126 habuimus
483 3062 522 3124 ab
550 3062 665 3124 illustri
694 3063 834 3144 principe
860 3061 988 3126 domino
1022 3061 1150 3126 Alhorto
1178 3063 1368 3145 Thuringie⁰
1397 3063 1606 3144 landtgravio

288 3159 317 3217 et
344 3153 480 3218 Saxonie
511 3154 624 3215 comite
655 3151 809 3235 palatino,
838 3151 953 3214 idcirco
983 3155 1082 3236 ipsam
1113 3153 1214 3216 eidem
1241 3152 1340 3216 libere
1362 3155 1607 3235 resignavimus

286 3263 342 3326 per
369 3249 493 3308 nostras
525 3247 665 3326 patentes
692 3241 811 3306 litteras
838 3248 868 3305 et
896 3249 1027 3324 apertas.
1075 3243 1157 3307 Sane
1183 3243 1381 3322 notandum,
1410 3245 1498 3328 quod
1527 3244 1608 3308 Ger·

286 3336 385 3397 wicus
419 3341 524 3397 noster
550 3333 758 3396 castellanusf
791 3335 822 3394 in
854 3332 997 3409 Saleclre,
1029 3333 1106 3397 dum
1134 3334 1273 3416 aliquant
1303 3334 1493 3416 particulam
1526 3335 1609 3397 silve

287 3431 527 3508 prememorata,
555 3424 674 3487 scilicet
701 3425 811 3505 iugera
839 3433 899 3503 XV,
927 3444 943 3486 a
971 3423 1062 3486 nobis
1081 3423 1246 3487 feudaliter
1268 3424 1455 3505 possideret,
1489 3425 1609 3490 eadem

287 3516 324 3577 ad
358 3536 472 3579 manus
499 3520 623 3578 nostras
649 3514 687 3576 de
719 3532 804 3575 mera
833 3514 1007 3590 voluntate,
1037 3533 1099 3576 non
1130 3520 1270 3590 coactus,
1303 3511 1401 3577 libere
1423 3517 1612 3596 resignavit

287 3627 390 3669 coram
414 3606 551 3668 dominis
573 3606 611 3667 de
633 3603 737 3683 Porta,
759 3603 903 3666 videlicet
923 3603 1110 3667 Theoderico
1134 3604 1294 3686 quondam
1317 3603 1430 3667 abbate
1451 3611 1485 3667 et
1503 3605 1613 3670 Theo-

288 3697 392 3758 derico
424 3696 578 3773 cellariae,
610 3713 672 3776 que
702 3694 830 3777 quidem
857 3696 966 3775 iugera
995 3694 1177 3778 quindecim
1211 3694 1297 3757 totali
1329 3695 1408 3758 silve
1435 3715 1612 3759 commen-

288 3792 410 3864 surata,
430 3785 618 3848 convendita
639 3791 669 3847 et
690 3791 917 3847 connumerata
938 3791 1138 3864 pretaxatam
1162 3803 1350 3866 numerum,
1372 3786 1495 3849 scilicet
1521 3793 1615 3851 octo-

286 3879 374 3958 ginta
396 3882 427 3938 et
448 3895 502 3938 sex
526 3877 682 3956 iugerum,
703 3873 872 3956 perficiunt
894 3880 924 3935 ot
944 3875 1164 3938 consumenti.
1210 3874 1275 3940 Nos
1295 3877 1392 3958 igitur
1413 3895 1432 3938 a
1453 3874 1615 3940 Gerwico

287 3967 425 4049 predicto
453 3967 586 4028 huiusce
612 3965 695 4028 modi
724 3969 849 4046 accepta
876 3965 1093 4045 resignacione
1121 3965 1248 4027 domino
1273 3963 1463 4028 Theoderico
1495 3967 1617 4030 abbati

287 4063 317 4120 et
339 4056 489 4119 fratribus
513 4055 719 4118 Portensibus
741 4060 813 4117 ante
837 4053 928 4116 dictis
951 4057 1057 4136 sepius
1080 4061 1274 4137 prenotatam
1302 4055 1413 4116 silvam
1438 4061 1618 4140 octoginta

289 4155 318 4209 et
345 4166 398 4208 sex
429 4147 573 4228 iugerum
604 4165 675 4207 curn
706 4146 789 4225 agris
817 4144 944 4206 incultis
970 4146 1008 4206 ad
1037 4165 1069 4208 se
1091 4143 1324 4227 pertinentibus
1345 4145 1619 4212 contradidimus

288 4242 319 4298 et
341 4237 591 4317 presentaviruns
614 4255 686 4297 cum
710 4235 795 4296 omni
819 4235 901 4311 inre,
927 4235 1083 4313 dominic,
1105 4235 1316 4318 possessione,
1337 4235 1563 4317 proventibus
1589 4249 1622 4300 et

289 4327 479 4389 utilitatibus
500 4327 663 4404 omnibus,
685 4344 746 4406 quo
768 4324 859 4386 nohis
884 4326 1092 4406 conpetebant
1113 4331 1145 4388 et
1166 4344 1228 4408 que
1250 4323 1444 4387 habebamus
1464 4325 1506 4387 in
1535 4330 1624 4411 ipsa,

290 4419 356 4478 sive
384 4419 415 4478 in
443 4416 607 4498 superficie
629 4422 710 4477 terre
733 4416 793 4476 iam
816 4423 985 4496 appareant
1007 4416 1069 4478 veli
1092 4416 1350 4498 quibuscumque
1372 4415 1475 4478 modis
1503 4421 1621 4481 eciam

288 4509 320 4568 in
345 4507 519 4569 visceribus
540 4512 620 4568 terre
640 4506 842 4588 apparuerint
863 4506 894 4566 in
914 4505 1030 4584 futuro,
1052 4507 1148 4568 nichil
1161 4508 1195 4568 in
1211 4525 1248 4568 ea
1260 4507 1341 4568 iuris
1355 4505 1493 4568 omnino
1515 4510 1623 4571 nobis

289 4596 467 4678 aliqualiter
490 4600 695 4659 reservantes
744 4595 796 4656 Ad
829 4597 1021 4659 vvarandienr
1051 4617 1125 4660 vero
1159 4596 1336 4660 secundum
1367 4601 1490 4660 statum
1530 4607 1627 4664 terre
