3390 5148
553 391 601 452 Νι,
616 395 763 452 hle—219.
785 390 858 451 1269.
1308 385 1361 446 ll?

76 547 168 630 1269.
201 548 327 650 Apin
354 547 422 632 30.
451 546 623 630 Schloeo
650 543 877 626 Monoleld.
1273 541 1360 623 218.

138 683 309 748 Burclrord
334 685 364 748 d.
381 683 476 766 Juoy.
503 705 560 746 roo
592 683 744 764 Qiterfirrl
771 681 930 744 ocreiclrlcl
955 679 1022 760 ouf
1043 679 1093 742 die
1123 679 1186 740 ιἸιιιι
1211 681 1287 741 elrea
1307 699 1361 742 eu·

105 773 258 837 delendae
280 771 392 836 Recte
412 793 456 836 oo
477 773 537 836 deo
561 773 679 836 (littero
703 773 735 833 in
763 771 921 852 uioryme.

206 907 341 966 Heorta.-
362 907 392 961 1)
409 913 443 962 u
461 911 512 976 (lit.
525 909 644 979 lepizcl.

207 1015 318 1069 Dmcr:
341 1015 476 1070 Deutsch:
501 1016 585 1084 Wolff
599 1015 642 1080 11,
662 1017 717 1070 162.

139 1143 202 1206 Nos
214 1145 421 1208 Bnrchardns
442 1145 481 1208 de
494 1143 722 1219 Querernnode
746 1143 850 1205 iunior
866 1141 1022 1204 universis
1037 1147 1214 1224 presentent
1227 1138 1361 1202 litteram

75 1231 248 1314 inspecturis
269 1233 403 1296 salutern
427 1235 458 1297 in
481 1235 618 1298 dornino.
655 1232 858 1296 Unirersitati
881 1238 984 1294 restro
1000 1231 1147 1312 cupimus
1159 1248 1227 1292 esse
1244 1238 1364 1306 notoni,

73 1323 142 1399 quiid
169 1325 387 1394 donationem,
414 1345 509 1406 (luam
543 1322 731 1386 venerabilis
761 1322 922 1390 dontinus,
949 1320 1204 1403 hlershnrgensis
1230 1321 1363 1384 ecclesie

73 1413 234 1496 episcopus,
256 1415 294 1476 de
319 1413 409 1476 lionis
431 1421 464 1476 et
484 1415 674 1496 proprietate
696 1413 726 1474 in
748 1411 907 1492 Pontynie
929 1410 1048 1481 fecerit,
1072 1419 1170 1472 return
1186 1409 1365 1474 tenebimus¹

71 1503 307 1566 contrudictione
338 1503 479 1586 qiralibet
505 1503 678 1586 postposita
704 1511 735 1564 et
763 1508 896 1580 rernotu,
927 1501 1151 1564 renunciantes
1178 1501 1263 1562 ouini
1293 1501 1363 1580 iuri,

72 1593 143 1668 qnod
172 1593 203 1654 in
232 1593 308 1675 ipsis
332 1593 425 1656 honis
453 1593 568 1656 hahere
595 1593 747 1656 hactenns
774 1590 968 1654 videbamur.
1016 1589 1051 1651 ln
1079 1591 1172 1652 cuius
1203 1590 1249 1652 rei
1278 1590 1363 1650 testi-

72 1681 200 1744 oroniunr
223 1691 386 1764 presentes
409 1683 528 1744 litteras
550 1681 696 1744 dedinrus
711 1675 808 1764 sigilli
819 1681 916 1742 nostri
930 1679 1041 1742 rohorc
1057 1679 1215 1742 solidatae.
1245 1677 1363 1742 llatrnn

71 1767 94 1828 in
115 1777 215 1834 rastro
238 1771 398 1836 Mnrrsuelt
419 1792 502 1834 ainro
525 1773 642 1834 dornini
667 1779 910 1849 hl⁰tt³⁰hxlx⁰‚
933 1770 1033 1854 pridie
1056 1768 1207 1832 lralerulns
1228 1767 1313 1834 Maii.

633 1949 809 1956 .----..--
821 1949 831 1956 .-

69 2083 174 2168 1269.
203 2085 290 2167 hiel
317 2086 381 2169 29.
412 2087 674 2188 Mersehnrg.
1274 2081 1363 2167 219.

138 2242 305 2306 reiectae
326 2243 464 2324 Bisrliol'
478 2263 537 2306 von
558 2244 743 2324 Merselmry
762 2242 927 2315 herode,
951 2241 1025 2304 dues
1046 2241 1097 2304 dic
1118 2239 1246 2304 Bnldcr
1266 2241 1366 2306 Heio-

100 2333 179 2408 rirli,
211 2331 353 2396 Ilicliard
378 2335 447 2397 uod
473 2333 719 2397 Baoooumeae
745 2353 804 2396 von
832 2331 990 2395 Lacenae
1017 2331 1077 2394 doe
1105 2329 1194 2411 llorf
1215 2328 1368 2394 Pimlon'e

99 2423 154 2499 Ji'ir
174 2427 240 2484 140
251 2421 351 2486 Morlr
373 2445 417 2486 aa
437 2425 497 2486 dos
517 2424 639 2488 Kloeler
652 2425 760 2504 Psorle
782 2421 930 2502 nerlroufl
949 2421 1057 2496 holten,
1079 2420 1148 2482 ataid
1166 2422 1265 2500 espect
1284 2421 1366 2484 nach

104 2509 304 2593 lhrapoolioo
326 2513 479 2577 dersolhco
500 2515 590 2578 seroie
609 2515 663 2576 des
685 2517 809 2600 (irascit
830 2510 1003 2575 Borclrerd
1029 2529 1088 2572 aori
1111 2508 1277 2589 llloosfeld
1297 2511 1366 2574 trud

105 2601 288 2665 liniclrords
309 2623 366 2666 ooo
390 2604 543 2685 Qraefm
565 2604 624 2666 doe
644 2601 734 2682 Dcrs
749 2603 817 2665 dem
839 2601 966 2664 Kloster
986 2621 1035 2664 art.

210 2739 344 2795 nescim:
364 2741 394 2794 D
413 2735 465 2794 13³
484 2743 535 2807 (tal.
549 2741 666 2812 Ieplzc).

209 2845 321 2899 Dmclr:
342 2845 477 2900 Dmteclt:
505 2847 589 2915 Wolff
604 2847 646 2913 ΙΙ,
667 2850 724 2902 162.

141 2973 176 3036 [ιι
210 2974 337 3036 nomine
368 2975 497 3037 domini.
528 2976 642 3038 Amen.
685 2973 865 3036 Fridericns
898 2971 948 3034 dei
981 2971 1082 3052 gratio
1111 2970 1366 3052 Meisburgensis

64 3061 228 3145 episcopus
258 3064 416 3126 universis
443 3063 559 3126 Christi
587 3063 738 3126 fidelihus
766 3063 802 3124 io
828 3069 1025 3143 perpetuum.
1071 3060 1274 3142 Temporales
1296 3079 1367 3122 sirc-

66 3170 170 3214 eessue
187 3158 277 3234 gesta
292 3152 436 3216 fidelium
458 3154 627 3234 perimunt,
648 3153 674 3215 si
696 3151 833 3215 stabilito
856 3169 919 3212 oon
942 3150 1061 3213 luerint
1081 3151 1162 3216 son'e
1182 3149 1368 3214 litterarum.

64 3241 127 3311 Quo
149 3246 282 3322 propter
302 3242 451 3304 noverint
469 3242 612 3308 universi
633 3239 748 3304 Christi
770 3239 892 3318 fideles
915 3239 1001 3320 quod
1022 3238 1195 3304 Heinricns
1215 3239 1307 3302 miles
1328 3239 1368 3300 de

66 3325 251 3394 lirenlroive
279 3335 311 3393 et
335 3332 448 3392 iratres
473 3331 525 3394 sni
548 3328 738 3409 Rychardns
767 3327 1062 3394 etBartholomens
1083 3328 1200 3392 milites
1222 3345 1368 3390 necnon

64 3414 194 3482 heredes
213 3419 399 3482 eorumdem
420 3419 634 3482 vendiderunt
655 3417 788 3482 ecclesie
799 3417 946 3480 Porteosi
966 3436 1023 3499 pro
1048 3423 1176 3480 centum
1191 3423 1223 3480 et
1233 3417 1369 3498 qnadra-

63 3505 144 3582 giote
174 3510 291 3572 mercis
320 3510 441 3590 argenti
464 3507 586 3588 villam,
609 3526 670 3590 qne
691 3507 848 3572 Puuteme
871 3505 1045 3588 vulgariter
1066 3505 1251 3590 appellatur,
1273 3524 1369 3587 quam

64 3591 246 3659 Bnrcherdo
275 3597 382 3660 comiti
411 3597 450 3661 de
477 3597 637 3676 Mansuelt
665 3605 695 3660 et
720 3597 809 3660 fratri
835 3595 936 3680 ipsius
956 3594 1143 3660 Burcherdo
1165 3596 1205 3659 de
1227 3594 1370 3671 Queren-

63 3685 158 3748 nordc
181 3686 308 3764 intueri,
330 3685 540 3772 dietoloppe,
561 3706 621 3750 nec
640 3705 703 3750 non
715 3683 886 3750 heredibus
901 3685 1042 3768 ipsorum
1054 3687 1261 3768 resignantes
1275 3703 1369 3747 -nam

65 3771 166 3836 villani
192 3774 326 3837 eandem
346 3774 385 3837 ab
408 3777 528 3839 eisdem
555 3775 673 3840 feodali
694 3777 763 3839 inre
786 3781 971 3852 tennerunt,
992 3773 1190 3856 predictique
1210 3773 1370 3838 Burchar·

62 3861 116 3922 dns
140 3881 252 3926 comes
271 3871 302 3926 et
316 3863 523 3928 Burchardns
542 3865 641 3928 trater
662 3866 731 3928 eius
751 3864 949 3944 heredesque
971 3882 1082 3926 eorum
1103 3863 1212 3926 villam
1235 3862 1369 3925 eandem

61 3951 94 4012 ad
124 3971 244 4016 manus
275 3960 399 4016 nostras
423 3955 680 4038 resignaverunt,
710 3953 860 4036 qnoniam
887 3953 1017 4032 quidem
1046 3961 1077 4016 et
1104 3953 1165 4036 ipsi
1191 3952 1326 4016 eandem
1352 3970 1370 4012 a

61 4040 149 4102 nohis¹
171 4050 206 4104 ct
226 4042 361 4106 ecclesie
380 4050 488 4106 nostre
502 4043 740 4126 Mersburgensi
753 4044 821 4106 iure
833 4049 1007 4106 tennerunt
1022 4043 1190 4121 consimili,
1211 4041 1370 4123 -postnla-

63 4137 184 4212 rerunt7
207 4138 243 4194 ut
264 4131 371 4194 villam
394 4135 547 4216 prelatum
575 4134 778 4216 appropriare
804 4141 837 4196 et
857 4132 1044 4195 contradere
1066 4132 1272 4213 dignaremur
1293 4131 1370 4194 Por-

61 4223 138 4282 tenei
163 4221 301 4284 ecclesie
324 4242 420 4307 supra
441 4223 533 4286 dicte.
574 4222 642 4286 Nos
662 4242 738 4285 roro
760 4220 972 4304 peticionibus
992 4221 1149 4300 Heinrich
1170 4220 1320 4283 Richardi
1340 4225 1373 4284 et

60 4307 276 4374 Bardrolernei
313 4311 446 4375 fratrum
484 4313 523 4376 de
561 4313 733 4376 [irreoowe
772 4311 987 4394 predictorum
1024 4311 1162 4392 benigno
1193 4315 1371 4373 annuentes

59 4419 207 4479 assensn,
239 4402 390 4480 qnoniam
419 4401 458 4464 de
484 4401 576 4464 bonis
603 4401 670 4464 suis
691 4402 827 4483 propriis
848 4400 983 4464 ecclesie
1002 4405 1109 4463 nostre
1133 4399 1372 4480 Mershurgenei

62 4495 243 4552 restaurant
271 4491 437 4554 sufficiens
451 4491 609 4554 lecerunt
635 4499 667 4553 et
692 4491 798 4553 fecere
825 4491 1054 4572 promiserunt,
1082 4509 1239 4553 eronfflnsn
1271 4488 1369 4552 nostri

60 4575 321 4662 llcrsbnrgeneis
354 4581 483 4662 capituli
519 4581 692 4644 accedente
727 4579 914 4663 prelibatum
955 4579 1064 4642 villam
1102 4581 1262 4659 Puntynre
1298 4597 1373 4640 conr

1117 4687 1170 4742 15*
