3392 5150
582 391 632 448 Nr.
643 391 791 452 eea-334.
812 393 887 448 1298.
1331 394 1383 450 319

84 549 201 607 uestrae
230 561 344 606 manus
376 542 554 608 voluntarie
585 547 617 607 et
646 543 820 607 liberaliter
853 541 974 606 curiam
1005 542 1039 605 in
1066 541 1278 626 Rugehusen¹
1308 564 1382 610 cum

84 633 225 696 omnibus
254 633 454 716 pertinentiis
481 633 562 712 suis,
592 633 740 698 videlicet
766 652 839 696 curn
864 651 929 694 uno
950 631 1151 711 molendiu0,
1180 632 1282 712 silvis,
1309 635 1383 698 sali·

83 724 143 800 ctis,
165 723 276 806 pratis
296 724 431 806 pascuis,
453 724 554 804 aquis,
576 742 732 804 aquarum
755 721 952 800 decursibus,
972 721 1055 784 areis
1072 728 1192 786 etcum
1208 741 1288 804 pago
1309 725 1382 788 ville

83 810 278 894 Rugebusen.
319 811 387 876 Nos
407 813 505 893 igitur
524 811 668 884 inclinati
689 812 837 895 precibus
851 809 1046 873 honorabilis
1057 811 1126 890 viri,
1148 811 1269 874 domini
1284 813 1383 878 Theo-

83 901 172 964 derici
195 900 319 964 abbatis
340 902 373 964 in
396 901 505 980 Porta,
527 901 567 964 ob
588 902 743 966 honorem
765 900 816 964 dei
838 901 1064 983 omnipotentis
1085 906 1117 963 et
1138 899 1227 966 beate
1249 903 1383 985 virginis

83 989 183 1070 liade,
207 991 316 1054 matris
337 1011 394 1054 sue
416 983 563 1073 gloriose,
585 1011 643 1054 uec
666 1011 729 1054 uon
751 992 784 1054 in
807 990 941 1054 salutem
963 997 994 1054 et
1015 989 1055 1053 ob
1079 990 1255 1054 remedium
1277 994 1382 1057 anime

82 1086 181 1144 nostre
209 1087 416 1144 memoratam
442 1082 564 1144 curiam
585 1083 618 1144 in
638 1081 831 1164 Rvgebusen
854 1099 928 1143 eum
948 1081 1079 1162 pretatis
1102 1079 1193 1144 bouis
1214 1083 1382 1163 universis

82 1188 135 1249 que
163 1171 200 1232 iu
230 1169 305 1232 villa
331 1170 371 1234 ad
398 1189 456 1233 nos
483 1170 696 1254 pertinebant,
725 1190 787 1252 que
812 1171 908 1233 etiam
929 1170 1014 1232 idem
1036 1169 1207 1234 Bertoldus
1227 1171 1382 1238 hacteuus

81 1259 208 1322 anobis'
228 1260 261 1322 in
281 1259 376 1323 feodo
395 1262 513 1337 tenuit,
544 1261 817 1344 appropriavimus
843 1259 978 1324 ecclesie
1004 1259 1036 1320 in
1059 1257 1156 1322 Porta
1176 1266 1208 1322 et
1228 1263 1382 1343 presenti-

81 1347 133 1410 bus
157 1350 401 1432 appropriamus
427 1349 525 1412 nichil
552 1351 644 1412 uobis
668 1350 749 1412 iuris
775 1354 975 1412 reservantes
1000 1348 1033 1410 iu
1059 1347 1149 1410 curia
1177 1355 1209 1412 et
1234 1351 1382 1416 inbonis

81 1439 239 1518 predictis,
265 1457 362 1522 super·
388 1459 451 1520 quo
477 1441 537 1523 ipsi
565 1440 698 1503 ecclesie
727 1445 759 1502 et
786 1438 936 1502 iratribus
964 1436 1172 1500 Portensibus
1201 1447 1382 1520 presentem

81 1521 232 1591 litteram'‘
253 1528 399 1592 dedimus
421 1535 529 1593 nostro
552 1529 655 1611 sigillo
678 1529 909 1606 confirmatam,
931 1533 1109 1590 annuentes
1131 1527 1225 1592 etium
1247 1547 1289 1592 ex
1311 1551 1381 1613 pro-

81 1619 141 1698 pria
164 1618 362 1682 couscientia
382 1625 414 1682 et
436 1618 518 1680 bona
540 1618 768 1682 deliberatione
790 1625 913 1694 nostra,
937 1615 1034 1679 iidem
1060 1617 1175 1680 fratres
1201 1623 1233 1680 et
1261 1619 1381 1684 domini

79 1707 209 1770 eandem
231 1707 350 1770 curiam
367 1707 558 1789 Rvgelruseu
582 1709 667 1789 quod
689 1708 834 1772 funditus
855 1707 1005 1770 dirimant
1024 1713 1056 1770 et
1075 1709 1221 1771 evellant.
1262 1711 1381 1774 Actum

81 1805 108 1857 ot
131 1797 243 1859 datum
264 1796 431 1860 Wartberc
452 1817 535 1860 auno
558 1797 679 1860 domini
709 1797 978 1860 M⁰CC⁰XC⁰t³lll
987 1807 1008 1876 ⁰,
1034 1797 1068 1860 in
1096 1797 1147 1860 die
1173 1797 1325 1861 lobannis
1351 1806 1383 1862 et

80 1885 175 1948 l'auli.
217 1887 325 1950 Testes
357 1887 453 1950 huius
487 1893 594 1950 nostre
620 1888 843 1968 resignationis
874 1893 906 1948 et
933 1887 1196 1969 appropriationis
1224 1887 1381 1969 predictee

80 1983 149 2038 suut
162 1976 322 2040 Bertbous
341 1977 380 2040 de
395 1976 505 2040 Varila
526 1978 677 2060 magister
697 1977 843 2058 coquine,
865 1977 1031 2038 Conradus
1053 1977 1091 2040 de
1112 1976 1381 2058 Vrutheustcthel,

79 2067 235 2148 Spiserus‚
267 2067 458 2130 Wilhelmus
496 2067 535 2130 de
567 2066 732 2130 Wisseuae
769 2071 801 2128 et
832 2066 1030 2129 Christianus
1066 2065 1105 2130 de
1144 2065 1246 2130 Gotba
1280 2069 1381 2131 nostri

79 2157 257 2238 scriptores
288 2155 517 2238 Scbyndeooph
548 2155 689 2220 larrrulus
715 2161 831 2218 noster.
873 2157 990 2236 Actum
1021 2161 1053 2218 et
1082 2156 1191 2218 datum
1216 2161 1251 2218 ut
1277 2175 1381 2240 supra,

80 2265 160 2308 anno
181 2247 302 2310 domini
325 2253 361 2310 ut
382 2265 486 2336 supra.

144 2361 354 2431 ⁸Rugcbnsem
372 2360 403 2414 D
490 2360 655 2431 tpagtnam
678 2359 702 2412 Τ
788 2359 1053 2430 cappropriationis
1069 2365 1098 2414 et
1116 2359 1237 2430 predicte
1261 2361 1381 2431 resigne-

79 2439 158 2494 tionis
179 2441 204 2494 T
271 2433 497 2496 “mansuetem
517 2441 543 2494 T

605 2579 851 2589 ——ae--n-

78 2751 189 2835 1298.
216 2753 310 2836 dull
339 2753 377 2836 8.
408 2752 646 2852 Wartburg.
1287 2752 1379 2836 334.

156 2889 300 2954 Albrecbt
324 2889 500 2971 laoderus
518 2909 577 2952 oon
601 2887 787 2970 dertapen
814 2889 914 2970 aqud
939 2890 1008 2952 dam
1028 2889 1156 2953 chster
1184 2887 1293 2971 Pforte
1319 2887 1381 2952 alle

118 2979 219 3044 caue
237 3001 291 3058 au,
318 2981 369 3043 die
389 2979 520 3044 Bertold
541 2979 644 3042 Rider
673 2999 732 3042 aaa
754 2979 958 3042 Relacbauacn
985 2980 1028 3042 im
1050 2977 1150 3061 Dorfe
1177 2978 1379 3044 Rebebaasea

115 3089 174 3132 aon
202 3069 267 3133 a'bm
291 3089 333 3134 aa
353 3069 459 3133 aaa
482 3069 591 3150 petrau
615 3069 684 3132 aad
709 3069 786 3132 belm
815 3068 962 3150 Vertauf
982 3090 1026 3132 aa
1046 3071 1106 3132 das
1127 3069 1253 3134 Kloster
1272 3070 1381 3150 Pforte

115 3159 179 3222 ibm
207 3159 407 3243 uafqelassen
429 3161 497 3237 bat,
524 3160 617 3222 sowia
641 3159 817 3240 atberboupt
843 3159 905 3222 aue
925 3159 1050 3236 Recbte,
1080 3161 1132 3222 die
1161 3181 1195 3224 er
1225 3159 1316 3223 setosa
1343 3159 1380 3222 ia

115 3250 183 3312 dara
201 3255 380 3330 caecantes
401 3247 502 3330 Derfc
521 3250 657 3312 beesca
676 3249 738 3312 bot.
789 3248 852 3330 Vqr.
874 3247 935 3313 Na.
953 3252 1029 3313 335.

225 3385 361 3444 Hdscbrs
384 3384 429 3440 Or.
440 3383 514 3454 Pero.
535 3401 586 3438 anu
605 3383 653 3437 der
672 3383 759 3437 Harad
777 3381 822 3438 des
840 3384 1002 3438 Ausatellera
1020 3385 1081 3454 (oyl.
1102 3385 1180 3440 Posse
1196 3389 1240 3444 20.
1261 3389 1312 3452 56).
1332 3386 1378 3454 Sp.

273 3483 312 3519 aa
333 3465 427 3519 rothen
452 3463 511 3518 mad
532 3465 622 3532 pellaea
639 3463 762 3517 acidam
780 3463 934 3531 manure,
957 3469 1039 3518 etwas
1063 3465 1219 3534 baacbddipt.
1257 3465 1379 3519 Dresdm

273 3541 569 3690 fflfrlgoim
588 3573 621 3580 —
639 3541 739 3595 Dauoa
762 3543 901 3596 thaleae
917 3543 1084 3597 attractata
1103 3538 1195 3598 D55b
1220 3545 1270 3608 (tit.
1289 3545 1378 3615 Roge-

224 3730 338 3786 nma:
359 3729 494 3784 namu
521 3727 656 3796 uuffrr,
672 3731 733 3782 aaa.

156 3854 220 3918 Nos
241 3854 395 3918 Albertus
420 3853 471 3916 dei
499 3853 606 3935 gracia
632 3851 804 3935 (thuringie
830 3851 1026 3934 lantgravius
1057 3859 1089 3916 et
1109 3851 1248 3915 Saxonis
1271 3869 1378 3914 comes

76 3943 232 4026 palatinus
263 3945 523 4028 recognoscimus
553 3945 586 4005 in
619 3943 679 4004 biis
714 3943 839 4026 scriptis
870 3949 902 4006 et
927 3944 967 4006 ad
994 3943 1194 4025 singulorum
1219 3943 1378 4022 noticiam,

76 4033 191 4114 quibus
211 4054 343 4119 presens
362 4036 515 4116 scriptum
536 4033 655 4096 lectum
676 4033 727 4095 vel
748 4033 926 4096 exhibitum
947 4034 1053 4112 tuerit,
1074 4033 1219 4116 apercius
1231 4033 1378 4115 cupimus

75 4128 249 4205 pervenire,
271 4124 356 4204 quod
378 4126 529 4186 universa
550 4123 648 4202 bona,
675 4142 737 4204 que
760 4123 931 4186 Bertoldus
956 4123 1047 4186 miles
1068 4124 1108 4185 de
1131 4122 1322 4204 Rugehvscu
1344 4123 1376 4184 in

75 4215 159 4294 agris
178 4217 274 4279 cultis
295 4221 326 4279 et
346 4215 489 4294 incultiS,
510 4215 606 4294 areis,
626 4213 825 4292 molendina,
846 4215 954 4296 pratis,
974 4213 1109 4296 pascuis,
1131 4213 1229 4292 siluis,
1250 4211 1378 4291 salictis,

77 4305 180 4385 aquis,
208 4325 364 4388 aquarum
390 4304 578 4368 decursibus
604 4322 677 4366 cum
705 4305 794 4366 curia
818 4302 1015 4364 incastellata
1042 4308 1073 4365 et
1098 4301 1168 4364 aliis
1196 4303 1293 4366 rebus
1321 4321 1378 4366 seu

77 4391 167 4458 bonis
193 4395 450 4478 quibuscumque
470 4395 503 4455 in
525 4393 717 4475 Rugchvseu
737 4392 814 4454 villa
835 4411 854 4454 a
874 4393 967 4454 nobis
987 4391 1098 4455 habuit
1115 4393 1149 4454 in
1169 4392 1278 4471 leode,
1304 4411 1377 4454 cum

75 4483 147 4546 inre
176 4491 363 4570 patronatus
394 4483 527 4548 ecclesie
559 4482 635 4546 ville
666 4482 809 4546 eiusdem
836 4481 922 4544 idem
950 4481 1121 4544 Bertoldus
1151 4487 1183 4544 ct
1210 4481 1293 4544 utha
1320 4501 1379 4544 sua

76 4591 168 4656 uxor,
188 4596 249 4658 que
272 4577 384 4640 eadem
406 4576 490 4639 bona
511 4573 641 4636 nomine
663 4570 803 4636 dotalicii
824 4570 1014 4656 possidebat,
1034 4573 1378 4638 cumuuiversisbere-
