3506 5148
590 420 640 476 Nr.
651 423 798 478 567-568.
821 424 1000 480 1346-1347.
1398 427 1450 484 523

145 590 164 632 a
193 569 287 634 nobis
320 571 459 653 possedit
488 573 555 634 sive
585 577 687 637 tenuit
717 574 808 636 titulo
841 574 975 653 feudali,
1006 576 1168 656 demmin,
1200 577 1390 642 donavimus
1419 584 1451 642 et

145 661 394 724 contradidimus
416 681 474 724 nee
495 682 559 725 non
582 663 782 746 presentibus
801 655 914 729 litteris
936 666 1062 744 damus,
1088 668 1244 730 donamus
1273 674 1304 729 et
1328 673 1450 732 contra-

144 751 251 813 dimus
280 749 435 833 religiosis
463 752 538 815 viris
567 753 695 817 domino
718 753 823 816 abbati
843 761 874 818 et
893 759 1065 820 conventui
1086 758 1266 820 monasterii
1289 756 1450 822 Porteusis

145 840 382 904 cisterciensisb
410 841 544 922 ordinis,
570 847 794 908 renunciantes
813 865 869 928 pro
892 846 983 909 nobis
1004 853 1036 910 et
1053 847 1170 910 nostris
1190 839 1360 911 heredibus
1381 867 1451 931 pre·

145 929 288 992 sentibus
318 935 348 993 et
373 931 490 994 futuris
517 931 666 995 omuibus
697 933 807 996 usibus
832 939 863 998 et
893 935 1081 1000 utilitatibus
1108 943 1155 1000 et‘
1177 936 1339 1020 obsequiis
1357 938 1450 1004 nobis

144 1021 312 1084 nostrisve
322 1020 493 1084 heredibus
503 1023 535 1084 in
549 1023 709 1106 predictol
729 1041 839 1086 manso
850 1043 886 1087 ac
901 1026 987 1088 eius⁰
999 1028 1196 1109 pertinentiis
1210 1028 1449 1111 conpetentibus

146 1130 204 1174 seu
233 1130 295 1192 que
316 1117 467 1194 possuntf
493 1119 659 1196 conpetere
683 1115 715 1176 in
736 1115 892 1180 futurum.
934 1115 975 1179 nt
996 1124 1030 1179 ut
1051 1119 1204 1200 premissa
1225 1118 1332 1182 omnia
1352 1119 1450 1184 robur

145 1203 308 1284 optineant
328 1211 477 1286 perpetue
497 1203 664 1281 firmitatis,
685 1204 767 1266 banc
782 1204 916 1268 litteram
931 1207 1066 1289 desuper
1082 1209 1255 1272 confectam
1269 1214 1448 1274 nostrorum

145 1291 320 1374 sigillorum
333 1295 524 1376 appensione
540 1293 674 1356 fecimus
685 1293 834 1360 roborari.
867 1294 983 1359 Datum
1000 1317 1084 1362 anno
1103 1298 1223 1360 domini
1243 1307 1449 1380 mouentur,

144 1382 221 1444 feria
245 1383 356 1466 quinta
377 1389 448 1465 post
468 1383 659 1446 dominicam
682 1381 791 1447 letare
812 1383 1022 1451 Hierusalem.

143 1519 330 1670 fpfflasglloess
347 1519 377 1574 D
448 1511 584 1576 bordinis
605 1523 787 1579 cisterciensis
805 1524 835 1578 D
904 1525 966 1580 ⁰ae
982 1525 1013 1579 D
1083 1517 1240 1597 “predicta
1260 1528 1285 1580 T
1334 1527 1402 1582 ⁰eis
1418 1527 1449 1582 D

669 1713 885 1722 ——·--.-—---...-
911 1717 918 1720 .

144 1777 255 1860 1347.
281 1777 518 1862 December
532 1783 599 1866 20.
1352 1785 1448 1868 568.

223 1923 429 1988 Heidenraicb
451 1946 509 1988 von
520 1922 675 1990 Rossbach
696 1927 856 2004 battvrtdet,
877 1929 953 1990 dass
973 1947 1007 1990 ar
1027 1947 1081 1990 eor
1102 1931 1179 1991 etwa
1203 1928 1358 1993 &dodran
1380 1931 1448 1994 dem

184 2015 307 2080 Kloster
329 2015 438 2095 Pfortc
454 2018 512 2098 fiir
534 2021 555 2080 7
575 2015 689 2081 Seboclt
712 2018 869 2081 (troscben
891 2017 1105 2084 arrectaria
1126 2017 1282 2083 Rossbach
1303 2019 1450 2102 verkauft

181 2105 384 2259 llvgbe5grgbcn
416 2106 476 2168 den
508 2107 700 2187 neumdiraps
729 2127 773 2170 on
803 2107 941 2172 dosselbe
968 2108 1153 2189 unkenstein
1181 2110 1332 2176 Aacberat.
1382 2109 1447 2191 Vpl.

218 2217 243 2259 r.
299 2207 303 2217 '
327 2249 332 2260 .

293 2322 428 2378 nasac.-
448 2285 540 2378 rom.
569 2323 597 2376 n
611 2313 680 2378 rrrh
701 2323 904 2394 (scampno)
925 2325 975 2380 ‚nst
994 2325 1171 2394 aeramen.

292 2415 405 2472 Druck:
424 2416 556 2472 Deutseb:
581 2416 665 2484 Wolff
679 2417 722 2482 H,
741 2420 800 2470 451.

223 2547 376 2612 Noverint
402 2551 557 2628 universi,
587 2549 625 2614 ad
657 2571 737 2636 quos
765 2569 894 2632 presens
922 2553 1036 2634 pagina
1063 2551 1255 2634 pervenerit,
1282 2550 1367 2633 quod
1389 2569 1445 2634 ego

140 2638 362 2720 Heydenrious
384 2640 422 2703 de
435 2639 580 2722 Respach
602 2659 642 2704 ex
665 2661 752 2704 nunc
773 2648 867 2723 prout
887 2661 926 2703 ex
948 2647 1025 2703 tuno
1045 2659 1235 2720 recognosco
1252 2645 1282 2702 et
1295 2645 1449 2722 protestor

139 2729 266 2813 publice
295 2749 344 2792 me
372 2749 446 2792 oum
473 2739 556 2792 certa
584 2732 721 2794 sciencia
747 2736 777 2792 et
805 2730 898 2812 pleno
927 2749 1086 2793 consensu
1106 2728 1247 2792 Elisabet
1274 2747 1343 2792 mee
1373 2749 1448 2792 oon-

138 2821 290 2882 thoralis²
316 2827 347 2883 et
374 2821 508 2882 aliorum
536 2839 679 2884 meorum
709 2821 859 2883 heredum
887 2822 969 2883 iuste
996 2820 1192 2882 vendicionis
1224 2823 1254 2882 et
1275 2821 1448 2904 empcionis

137 2909 233 2972 titulo
259 2909 351 2984 olim,
379 2909 522 2971 videlicet
548 2917 620 2972 ante
648 2917 717 2972 octo
744 2929 845 2972 annos
868 2909 917 2971 vel
939 2911 1031 2986 eitra,
1059 2908 1240 2972 vendidisse
1266 2909 1299 2971 in
1323 2909 1446 2973 Christo

139 2998 376 3062 venerabilibus
400 3004 431 3062 et
456 2999 609 3080 religiosis
630 2999 773 3082 patribus
802 2999 931 3062 domino
958 2999 1063 3062 abbati
1093 3003 1124 3062 et
1145 3000 1317 3062 conventui
1339 3019 1447 3062 mona-

137 3091 227 3153 sterii
250 3087 430 3152 Porteusisl
458 3109 514 3172 pro
542 3095 660 3171 septem
689 3091 856 3172 sexagenis
881 3109 1065 3172 grossorum
1096 3089 1172 3151 milri
1193 3109 1249 3171 pro
1273 3095 1349 3152 tuno
1367 3091 1447 3152 inte-

136 3178 268 3263 graliter
293 3179 478 3241 traditorum
508 3179 587 3241 duos
613 3199 704 3260 agros
732 3180 809 3241 sitos
838 3182 872 3242 in
901 3181 1021 3262 campis
1051 3178 1196 3242 Rosbach
1229 3181 1319 3242 iuxta
1345 3199 1447 3260 agros,

138 3289 222 3354 quos
246 3268 363 3332 eisdem
391 3269 528 3332 dominis
557 3289 644 3332 nunc
673 3272 796 3332 noviter
822 3271 950 3333 vendidi
977 3277 1008 3332 et
1037 3271 1213 3353 assignavi,
1240 3289 1320 3352 quos
1346 3270 1446 3334 dictos

136 3361 221 3422 duos
250 3377 342 3439 agros
368 3357 442 3420 dieti
469 3359 589 3420 domini
610 3357 779 3421 Portenses
806 3379 847 3421 ex
869 3366 945 3422 tune
973 3360 1126 3423 haetenus
1153 3365 1305 3442 tanquam
1334 3360 1393 3422 rite
1414 3364 1445 3422 et

135 3447 372 3512 racionabiliter
392 3447 453 3510 sibi
475 3466 530 3531 per
551 3467 600 3511 me
623 3448 766 3511 venditos
787 3450 820 3510 in
843 3469 900 3512 sue
921 3450 1119 3532 proprietatis
1141 3456 1172 3513 et
1192 3451 1355 3533 potestatis
1376 3451 1446 3513 iure

135 3539 280 3622 plenario
306 3539 374 3600 siue
400 3539 600 3620 impeticione
627 3538 767 3620 qualibet
795 3547 826 3601 et
847 3539 1035 3602 adversitate
1058 3540 1277 3622 possederunt,
1303 3545 1397 3622 prout
1417 3546 1448 3603 et

134 3631 172 3692 in
202 3633 295 3690 antea
321 3634 471 3710 perpetue
501 3627 716 3710 possidebunt.
757 3627 794 3690 In
824 3631 917 3692 cuius
944 3630 989 3691 rei
1014 3630 1231 3692 testimouium
1257 3633 1288 3691 et
1317 3629 1446 3691 eviden-

135 3719 222 3781 oiam
251 3717 389 3798 sigillum
420 3716 613 3781 honorabilis
639 3724 669 3781 et
692 3718 830 3800 religiosi
862 3721 921 3781 viri
951 3720 1070 3781 domini
1092 3717 1276 3802 Wolphardi
1297 3721 1445 3802 prepositi

133 3808 366 3870 canonicorum
396 3808 588 3890 regularium
619 3810 719 3871 sancti
742 3807 886 3871 Mauricii
915 3828 1010 3892 prope
1032 3808 1243 3890 Nuenburglr‚
1273 3809 1348 3892 quia
1374 3829 1445 3892 pro-

131 3899 207 3982 prio
238 3897 340 3980 sigillo
368 3917 473 3976 careo,
503 3899 541 3960 ad
569 3917 676 3981 preces
703 3917 788 3960 meas
810 3898 1010 3980 presentibus
1031 3907 1079 3963 est
1099 3918 1283 3982 appensum.
1325 3897 1366 3961 Et
1386 3917 1445 3962 nos

134 3985 355 4070 Wolphardus
376 3988 426 4050 dei
446 3988 552 4068 gracia
573 3989 750 4070 prepositus
771 3989 996 4052 canonicorum
1018 3989 1212 4072 regularium
1235 3991 1335 4052 sancti
1358 3987 1444 4051 Mau-

131 4078 208 4141 ricii
240 4081 329 4139 extra
362 4097 471 4140 muros
503 4077 772 4160 Nuenburgenses
809 4081 1066 4161 recognoscimus
1102 4099 1160 4142 nos
1197 4079 1235 4142 ad
1273 4080 1445 4142 instancias

132 4165 277 4248 suplices
301 4163 496 4246 Heydenrict
529 4167 568 4231 de
588 4166 732 4231 Rosbach
760 4168 900 4249 sigillum
931 4176 1074 4233 nostrum
1102 4168 1302 4254 presentibus
1329 4187 1444 4254 appone

131 4258 232 4321 disse.
272 4257 368 4318 Anno
390 4257 510 4320 domini
528 4267 791 4334 n⁰coc⁰xtvm
812 4260 845 4320 in
868 4259 975 4341 vigilia
997 4257 1079 4323 beati
1101 4259 1249 4342 apostoli⁰
1269 4257 1393 4322 Thome.

182 4398 533 4546 1·²fcl2)1ntl}dmli⁸ssoee1)
622 4391 808 4456 bconuentui
832 4401 861 4456 in
879 4407 961 4472 porta
982 4401 1012 4456 D
1098 4402 1155 4456 ⁰in
1175 4400 1270 4472 vigilia
1286 4399 1361 4454 besti
1379 4418 1444 4472 apo-

130 4485 201 4536 stoi
236 4495 253 4530 e.
279 4485 288 4532 t
