3410 5146
314 402 349 456 88
679 397 908 454 Urlrundenbuch
927 397 975 452 des
994 397 1118 451 Klostcrs
1139 397 1240 450 Psorte.

315 551 510 636 lantgravius
540 551 712 632 Thnrhrgie
744 557 775 614 ct
806 569 913 613 comcs
941 549 1100 632 palatinus
1131 547 1278 611 Saxonie.
1330 547 1451 610 Collate
1482 549 1613 611 nobiae

315 641 444 705 domino
468 641 633 724 potestatis
661 640 817 704 beneficio
844 644 875 703 et
895 640 1020 723 pietatis
1046 640 1166 701 ratione
1187 638 1436 721 constringimur
1457 639 1614 721 religioso-

315 751 385 794 mm
407 730 635 813 temporalibus
657 730 807 793 subsidiis
828 727 1053 812 promovendis
1077 727 1255 790 accuratius
1277 728 1441 792 intendere
1461 733 1493 792 et
1508 749 1613 793 eorum

315 819 530 884 subsidiorum
558 820 663 884 debite
691 818 925 883 confimationi
950 818 1146 901 propensiori
1174 817 1279 880 studio
1305 833 1414 880 curam
1436 819 1613 901 inpendere.

315 910 401 974 Hinc
428 915 491 989 est,
520 910 605 991 quod
632 931 691 974 nos
719 910 907 973 dilectorum
937 907 1028 970 nobis
1048 908 1183 970 fratrum
1202 907 1233 968 in
1257 905 1352 969 Porta
1374 907 1501 971 utilitati
1524 909 1613 972 simul

315 1004 348 1062 et
374 1000 498 1063 cautela
525 999 659 1063 sollicite
681 1000 884 1082 providentes
904 997 1049 1061 fidelium
1072 997 1270 1059 universitati
1292 1002 1437 1061 constare
1463 999 1613 1069 volumus,

316 1088 402 1170 quod
429 1089 581 1152 Gerlacns
614 1090 652 1152 de
682 1089 889 1170 Heldrnngen
923 1087 1187 1169 Nrrcnburgensis
1219 1087 1353 1150 ecclesie
1384 1089 1558 1152 canonicus
1587 1097 1614 1152 et

315 1197 486 1262 germanus
506 1180 604 1243 trater
626 1199 703 1242 suus
724 1179 896 1242 Heinricns
916 1179 954 1240 de
976 1176 1185 1259 Heldrungen
1213 1195 1285 1238 oum
1308 1176 1433 1240 duobus
1454 1178 1531 1242 filiis
1553 1181 1614 1242 suis

315 1267 514 1332 Hermanno
535 1274 567 1332 et
582 1267 776 1332 Theoderico
798 1267 893 1352 paulo
915 1267 1050 1350 amplius
1071 1285 1166 1347 qnam
1188 1275 1222 1330 Χ
1236 1285 1363 1330 pransos
1384 1267 1418 1329 in
1440 1269 1525 1332 Ver¹
1543 1271 1614 1352 ipsis

315 1357 384 1421 iure
405 1357 589 1421 hereditatis
611 1364 643 1421 et
660 1359 860 1442 proprietatis
877 1357 1046 1420 attinentes
1063 1355 1196 1418 ecclesie
1215 1355 1360 1418 Portensi
1379 1375 1451 1419 cum
1471 1359 1614 1421 omnibus

315 1447 490 1510 attinentiis
500 1448 575 1526 suis,
587 1449 721 1531 pascuis,
733 1449 839 1531 pratis,
850 1446 944 1508 cultis
955 1452 987 1508 et
997 1444 1134 1523 incultis,
1149 1445 1210 1507 viis
1221 1449 1252 1507 et
1264 1445 1367 1524 inviis,
1383 1446 1615 1528 piscationibus,

315 1535 442 1614 salictis,
464 1556 537 1600 cum
548 1538 693 1600 unanimi
715 1537 868 1600 heredum
889 1555 1020 1599 suorum
1039 1553 1198 1598 consensu
1214 1553 1270 1616 pro
1286 1535 1426 1599 remedio
1440 1537 1613 1600 animarum

315 1645 444 1688 suarum
475 1627 588 1690 devote
616 1627 828 1689 contulerunt.
871 1625 970 1688 Porro
997 1624 1107 1707 prelati
1136 1623 1198 1686 iam
1221 1624 1294 1703 viri,
1323 1625 1445 1690 scilicet
1465 1627 1615 1690 Gerlacns

314 1735 389 1778 cmn
417 1716 568 1799 predictis
593 1715 799 1779 fratruelibus
828 1715 907 1793 suis,
933 1715 965 1777 in
994 1714 1154 1796 presentia
1182 1717 1291 1777 orostra
1311 1715 1342 1775 in
1366 1713 1615 1780 Elehardisberc

315 1806 479 1868 constituti
499 1806 701 1889 presentibus
722 1804 866 1888 pluribus
887 1803 1058 1881 nobilibus,
1079 1803 1200 1866 scilicet
1220 1803 1398 1884 comitibus,
1420 1805 1497 1868 viris
1512 1806 1615 1870 liberis

316 1900 347 1958 et
367 1895 628 1958 ministerialibus
655 1895 786 1974 nostrie,
814 1894 942 1957 easdem
962 1894 1179 1975 possessiones
1196 1893 1311 1955 iterata
1332 1893 1502 1958 donatione
1525 1915 1617 1979 super

315 1983 467 2066 reliquias
492 1985 556 2046 iam
584 1984 667 2047 dicte
698 1984 841 2047 Portensi
870 1983 1003 2046 ecclesie
1030 1983 1097 2044 sine
1124 1982 1259 2044 alicuius
1280 1984 1530 2048 contradictione
1552 1987 1615 2069 pari

316 2073 484 2137 devotione
507 2073 698 2151 obtulerunt,
721 2093 800 2154 quas
821 2092 880 2135 nos
900 2073 1064 2155 potestatis
1086 2077 1118 2134 et
1138 2073 1333 2135 auctoritatis
1346 2079 1452 2136 nostre
1466 2073 1615 2156 legittima

316 2163 557 2226 confirmatione
585 2184 657 2227 curn
686 2162 793 2226 debita
819 2162 1038 2245 solempnitate
1067 2181 1123 2244 per
1148 2162 1336 2224 sententiam
1360 2162 1464 2226 eidem
1486 2165 1617 2230 ecclesie

316 2250 601 2316 corroboravimus.
643 2253 745 2336 igitur
772 2273 812 2316 ne
842 2253 937 2314 huius
967 2252 1146 2314 donationis
1178 2257 1209 2314 et
1240 2257 1346 2314 nostre
1368 2253 1618 2318 continuationis

315 2343 504 2406 constitucic
526 2342 634 2424 aliqua
654 2345 687 2405 in
708 2350 870 2425 posterum
891 2343 1030 2405 humane
1054 2341 1302 2404 nrachinacionis
1318 2342 1510 2408 maliciaaut
1525 2347 1617 2429 tergi·

316 2432 505 2496 versationis
526 2435 646 2496 astucia
668 2433 804 2496 ecnvelli
825 2433 932 2516 possit,
953 2433 1069 2494 mutari
1091 2435 1146 2493 ant
1160 2432 1315 2508 imminui,
1336 2435 1493 2516 presentis
1506 2437 1617 2518 pagine

316 2520 412 2584 huius
432 2523 478 2586 rei
501 2527 643 2586 tenorem
666 2523 858 2586 continentis
880 2523 1058 2585 cautionem
1077 2521 1116 2583 ob
1132 2527 1282 2604 perpetue
1295 2522 1617 2589 tinnitatisindicium

318 2609 412 2692 sigilli
440 2611 542 2674 nostri
567 2611 763 2695 inpressione
794 2618 827 2675 et
851 2611 1048 2692 ydoneorunr
1076 2612 1203 2674 testium
1225 2610 1457 2695 subscriptione
1478 2633 1618 2678 commu-

316 2699 471 2772 nivimus,
501 2719 636 2782 quorum
664 2702 794 2764 nomina
822 2707 897 2764 sunt
924 2701 997 2764 hec:
1025 2699 1212 2764 Ehehardus
1239 2703 1426 2783 prepositus,
1447 2703 1620 2768 Heinricns

317 2789 469 2869 notarius,
490 2789 678 2854 eambertus
700 2811 806 2854 comes
828 2791 867 2855 de
882 2791 1002 2868 Tunna,
1023 2789 1196 2872 Hugoldus'
1211 2809 1317 2854 comes
1338 2792 1376 2855 de
1390 2793 1490 2870 Buch‚
1511 2793 1620 2857 lianc·

317 2877 431 2959 goldus
451 2879 490 2943 de
512 2879 614 2958 Rode
645 2880 857 2944 Tbeodericus
887 2881 1079 2943 camerarius
1112 2879 1152 2942 de
1184 2879 1342 2964 Appolde
1373 2879 1555 2948 Fuderious
1582 2885 1620 2947 de

317 2967 477 3046 Machala
506 2967 690 3032 Dithmarus
719 2970 758 3033 de
781 2969 923 3033 Willerst
911 2974 1030 3032 ttetec
1017 2969 1311 3034 tHertwiousfrat
1262 2977 1346 3034 rat·e1
1367 2991 1459 3048 snus
1482 2972 1556 3037 Otto
1582 2975 1620 3038 de

319 3020 509 3125 Grebiavelt
537 3058 747 3142 Hchdegenu·
775 3059 812 3122 dc
841 3059 1014 3122 Gonirstctc
985 3066 1074 3119 tot
1096 3059 1147 3120 alii
1170 3078 1262 3139 qivana
1287 3061 1402 3142 plnres.
1444 3065 1525 3126 Acta
1547 3075 1622 3127 sunt

317 3147 374 3210 hcc
395 3167 478 3210 anuo
502 3149 539 3210 ab
563 3149 779 3212 incarnatione
804 3149 922 3211 dnnrini
944 3157 992 3210 ΜΟ
1003 3158 1063 3211 w
1078 3159 1166 3210 l'llll.

390 3261 400 3301 ¹
424 3261 508 3317 Valrru
527 3280 572 3322 aw.
595 3265 652 3317 ll
627 3279 757 3318 armarere

845 3393 1094 3403 --—--.---—...

318 3533 432 3618 1208.
460 3532 1014 3638 [september-neaeman]
1411 3483 1413 3487 v
1554 3540 1621 3623 eo.

398 3677 505 3742 Ahar
525 3677 713 3761 &ahhdwf
728 3700 785 3743 oon
802 3679 1006 3762 Mapdebarp,
1029 3681 1137 3746 Alter
1149 3681 1361 3746 Domdecbunt
1379 3683 1448 3746 atad
1461 3683 1624 3748 Johannas

357 3767 469 3848 Propst
504 3768 557 3832 das
593 3767 736 3832 Kzosters
762 3767 797 3834 U.
814 3769 852 3835 L.
871 3769 1004 3835 flauere
1035 3771 1184 3848 doselbst,
1215 3791 1282 3835 vom
1315 3770 1414 3853 Papst
1444 3773 1625 3838 ocrordnetc

357 3855 491 3933 Richter,
518 3857 710 3922 cntscheidcn
736 3858 824 3922 einen
853 3859 948 3924 hired
970 3861 1120 3924 awiscben
1148 3861 1217 3924 dem
1243 3859 1368 3925 Klostcr
1390 3863 1499 3944 Pforte
1523 3864 1625 3928 anem

355 3947 429 4010 seia
448 3947 518 4011 aaa
537 3947 606 4011 dem
627 3949 763 4011 Pricster
775 3947 940 4013 Hermann
959 3969 1018 4013 von
1047 3950 1244 4032 Wallendorf
1258 3951 1327 4014 aad
1349 3951 1558 4016 AhtKonrod
1580 3973 1624 4016 aaa

356 4035 540 4117 Meracbarp
565 4037 755 4101 ondrerseits
778 4037 849 4100 betr.
872 4039 931 4100 dus
959 4037 1139 4103 Zehnlrecbt
1164 4041 1238 4134 uber
1264 4039 1314 4104 dic
1335 4039 1546 4147 Besitaunpen
1566 4043 1624 4104 das

357 4123 499 4190 Kiostem
521 4125 660 4208 Psortc
646 4147 682 4190 an
703 4126 821 4207 [epita.

469 4260 604 4319 Hasce.-
623 4262 653 4317 D
665 4267 699 4316 13
717 4263 768 4328 (tir.
782 4261 900 4334 Iepizc).

468 4365 579 4422 mace:
599 4367 730 4422 Dcutech:
755 4367 840 4436 Wolff
854 4369 879 4434 Ι,
896 4373 957 4426 271.
992 4369 1048 4438 Vpl.
1068 4371 1475 4437 v.Maeeraedr11,Nr.sar.

395 4489 547 4555 Albertus
569 4491 620 4554 dci
642 4493 742 4574 gratia
763 4492 1018 4576 archiepiscopus
1040 4498 1072 4557 et
1088 4494 1240 4560 Albertus
1258 4497 1397 4560 decanus
1414 4503 1447 4561 et
1462 4497 1627 4560 Iohannes

316 4579 494 4660 prepositus
522 4583 629 4643 sancte
656 4579 755 4643 illaria
786 4579 1084 4664 Magdeburgeusis,
1116 4585 1238 4649 iudices
1269 4605 1288 4648 a
1318 4605 1443 4650 summo
1468 4585 1627 4670 pontifice
