3400 5148
567 413 775 474 Nr.1ee-1eo.
798 415 874 470 meu
1318 407 1372 464 208

94 571 181 654 lton.
209 567 335 672 lprll
362 567 400 650 3.
1276 557 1370 640 190.

143 715 286 782 Aureus
311 713 487 796 Landgraf
508 733 567 776 oon
591 711 774 792 Tbiirinpea
799 709 1034 774 ternadena
1058 707 1208 772 awiscbcn
1233 705 1370 774 Edcrber

116 827 163 868 von
188 805 283 870 Salac
307 803 376 868 aad
401 803 470 868 dcun
495 801 622 868 moster
645 801 752 882 Pforte
776 800 1003 882 pesdrbrssencn
1033 795 1373 878 Verpleich(Nr.173)

116 897 171 959 aad
194 894 332 976 euplcicb
359 895 427 958 cine
447 895 566 958 weltere
592 892 842 972 Vereinborunp‚
867 889 1034 970 betreffend
1055 887 1144 952 daca
1166 885 1283 950 Dama
1304 883 1373 948 und

116 987 223 1050 nudae
241 1005 314 1050 nam
335 983 447 1048 Sdruta
462 1002 556 1064 penca
578 983 628 1046 die
656 981 788 1048 emeat
805 980 974 1062 petroffenc
994 977 1201 1060 Mossrepela.

215 1129 347 1184 Hdacbm
368 1127 700 1198 &Perambulante
709 1123 797 1180 Hand
812 1125 1069 1195 (apamiam).
1097 1123 1261 1192 sperone
1271 1121 1371 1178 liciter·

265 1209 345 1278 eiepel
367 1207 412 1262 dea
431 1207 610 1277 Iortdprasea
634 1225 673 1261 an
696 1207 798 1272 rather,
824 1207 912 1274 gelbes·
929 1205 988 1259 aad
1004 1211 1106 1274 prom
1123 1203 1241 1259 reidener
1259 1203 1372 1259 mann.

263 1289 387 1344 Dreedea
402 1287 441 1346 H.
451 1287 488 1342 St.
501 1289 535 1346 A,
554 1287 607 1342 Nr.
617 1291 677 1342 674.
697 1317 730 1328 -·
748 1285 778 1340 D
790 1289 825 1340 40
842 1285 973 1354 (titVer).

161 1460 165 1467 ,
215 1407 287 1461 Ebc
303 1405 393 1462 rwdtc
411 1404 608 1474 Auafertipanp
624 1403 672 1458 der
695 1403 758 1458 Urk.
769 1420 826 1458 anm
844 1406 868 1461 4.
880 1399 946 1459 Nou.
960 1405 1026 1456 1266
1044 1417 1064 1459 e.
1075 1407 1154 1454 water
1172 1399 1223 1456 Nr.
1235 1403 1294 1458 193.

215 1523 328 1578 aar:
342 1493 485 1656 pelag.-
511 1519 641 1588 norffrr,
663 1523 722 1576 132.
747 1517 942 1588 maneae„
959 1513 1372 1584 meminissemus

263 1604 306 1672 cip
326 1606 342 1657 1
360 1606 406 1670 53)
461 1641 467 1654 .

151 1729 300 1794 Albertus
333 1731 383 1794 dei
416 1729 518 1812 gratia
540 1729 712 1812 Thuringie
740 1727 937 1810 lantgravius
963 1731 995 1790 et
1019 1725 1158 1789 Saxonie
1184 1743 1291 1788 comes
1318 1743 1373 1807 pa-

85 1820 190 1886 latinus
236 1821 400 1885 Universis
422 1821 538 1884 Christi
562 1818 722 1882 fidelibus.
765 1817 906 1882 Salutem
932 1817 966 1879 in
994 1836 1044 1894 eo,
1076 1818 1131 1898 qui
1159 1821 1208 1880 est
1230 1814 1373 1878 omnium

85 1929 144 1972 rora
163 1911 257 1974 salus.
294 1911 451 1974 Noverint
470 1909 626 1983 universi,
646 1907 686 1970 ad
711 1927 847 1988 quornm
869 1907 1019 1970 noticiam
1040 1906 1221 1990 pervenerit
1241 1923 1372 1988 presens

85 2002 227 2082 scripturn,
249 2000 344 2082 quod,
365 2019 438 2062 cum
453 1998 636 2062 liberberus
654 1997 693 2060 de
705 1995 796 2060 Salza
810 1997 939 2060 nomine
955 2017 1013 2060 suo
1035 2001 1067 2060 et
1086 1997 1221 2058 fratrum
1242 2013 1373 2058 suorum

84 2087 219 2168 Heinrici,
241 2089 393 2164 Bertoldi,
412 2089 597 2153 Theoderici
618 2093 650 2151 et
670 2087 849 2151 liclrebardi
867 2093 899 2152 et
920 2088 1037 2151 sororis
1058 2105 1115 2150 sue
1136 2086 1220 2150 Iutta
1242 2103 1374 2148 venera·

83 2175 184 2243 bilibus
205 2180 351 2258 dominis,
374 2177 480 2242 abbati
507 2184 539 2242 et
564 2179 736 2241 conventui
757 2178 797 2241 de
818 2177 923 2254 Porta,
945 2196 1042 2260 super
1063 2177 1198 2260 piscaria
1219 2176 1252 2237 in
1272 2174 1374 2238 fluvio

84 2266 218 2334 Vnstrote
247 2271 339 2333 iuxta
360 2269 427 2334 Ver
452 2275 484 2333 et
513 2269 623 2332 salicto
645 2267 809 2332 adiacente
830 2268 862 2330 in
884 2269 985 2330 veteri
1006 2267 1097 2331 alveo
1117 2265 1261 2330 ciusdem
1281 2265 1374 2328 fluvii

82 2364 105 2420 et
129 2359 251 2424 duobus
279 2361 377 2444 pratis
403 2360 471 2422 sitis
497 2360 632 2441 inpage
654 2356 884 2436 Stuslordensi,
913 2377 1048 2438 quorum
1073 2357 1227 2420 nnumin
1251 2374 1284 2418 sc
1307 2355 1376 2430 lria,

66 2447 199 2512 ¹alterum
229 2450 412 2531 quindecim
441 2451 552 2531 iugera
581 2447 723 2511 continet
751 2445 856 2511 debite
884 2448 1086 2528 quantitatis,
1117 2466 1179 2528 que
1203 2445 1375 2527 aliquantis

81 2538 160 2601 annis
186 2539 284 2603 abbas
311 2545 343 2604 et
369 2545 547 2603 conventus
573 2537 714 2622 predicti
736 2538 944 2620 possederant
967 2538 1101 2620 pacifice
1124 2543 1155 2601 et
1177 2537 1297 2618 quiete,
1326 2536 1375 2596 in-

80 2628 281 2707 pedimentum
309 2630 513 2714 prestitisset,
546 2629 629 2691 sicut
654 2633 686 2692 et
711 2629 929 2710 progenitores
957 2629 1020 2704 sui,
1047 2628 1168 2690 scilieet
1193 2625 1376 2690 Eborherus

79 2735 147 2780 aviis
166 2739 242 2783 snus
263 2723 295 2784 et
308 2717 516 2782 Eukebardus
533 2723 623 2801 pater
643 2717 713 2781 eius
734 2723 807 2780 ante
828 2737 902 2781 eum
923 2719 1081 2787 fecerant,
1103 2723 1135 2780 et
1155 2718 1215 2799 ipsi
1236 2716 1375 2798 prefatos

80 2811 284 2891 progenitores
304 2811 406 2892 ipsius
426 2809 547 2892 pluries
575 2827 683 2872 coram
708 2808 827 2870 iudicio
853 2807 986 2891 proinde
1019 2809 1259 2884 convenissent,
1289 2811 1375 2888 post·

79 2897 195 2961 modum
217 2919 293 2962 vero
316 2905 348 2962 et
369 2899 429 2981 ipsi
452 2898 613 2962 Eberhero
636 2915 743 2960 coram
764 2896 1001 2961 venerabilibus
1021 2898 1106 2975 viris,
1126 2897 1254 2960 domino
1275 2894 1375 2958 Hein-

79 2987 136 3049 rico
163 2988 281 3052 decano
303 2988 440 3070 Cycensi
461 2994 494 3052 et
513 2987 699 3051 Hermanno
720 2989 824 3070 priore
846 2985 1053 3062 Puzoviensi,
1078 2985 1238 3048 iudicibus
1260 2983 1375 3048 assde

78 3078 237 3157 apostolica
249 3079 411 3160 delegatis,
422 3079 596 3142 movissent
605 3077 792 3158 aliquandiu
805 3077 1013 3157 questionem,
1023 3077 1152 3140 tandem
1165 3076 1375 3138 discretorum

78 3167 208 3230 virorum
233 3168 367 3231 oonsilio
392 3167 552 3232 mediante
577 3168 661 3230 inter
682 3173 850 3248 utramque
872 3172 993 3250 partem
1014 3167 1099 3230 facta
1119 3167 1181 3229 luit
1201 3164 1377 3228 amicabilis

77 3257 241 3338 conpositio
270 3257 303 3319 in
332 3257 418 3320 hunc
440 3257 585 3329 modum,
616 3256 700 3338 quod
724 3256 902 3319 secundum
923 3257 1154 3320 ordinationem
1176 3255 1376 3332 arbitrorum,

78 3343 215 3410 videlicet
224 3345 410 3410 Theoderici
432 3347 471 3408 de
482 3345 654 3428 Vigbeohe,
677 3346 836 3426 Gysilheri
859 3345 1079 3410 de'lullestote
1101 3345 1247 3420 militurn,
1271 3344 1376 3406 fratris

77 3431 209 3499 Heinrici
230 3436 270 3499 de
285 3435 488 3500 Licbcnstete
509 3441 541 3499 et
560 3436 668 3500 fratris
684 3435 826 3499 Heinrioi
850 3437 993 3516 magistri
1014 3437 1046 3498 in
1060 3435 1127 3499 Ver
1147 3453 1374 3498 conversorum

78 3521 113 3584 dc
134 3523 239 3600 Porta,
269 3525 388 3588 Lutolfi
410 3525 450 3588 de
472 3525 700 3604 Stuternheim,
728 3525 873 3588 Heinrici
895 3526 935 3588 de
957 3525 1159 3607 Gruningen,
1190 3523 1376 3586 Theoderici

78 3609 150 3676 lleiz
171 3615 209 3678 de
230 3615 393 3690 Wizense,
414 3615 558 3680 Heinrici
581 3615 698 3678 Shelun
723 3615 761 3678 de
784 3615 991 3678 Ballinhnsen
1014 3614 1151 3678 militum
1173 3619 1205 3677 et
1225 3614 1376 3676 Iohannis

77 3700 111 3763 de
131 3702 221 3786 Spret
248 3705 392 3786 magistri
420 3705 557 3768 lorensis
582 3705 614 3766 in
639 3703 802 3782 Wicense,
829 3704 927 3768 abbas
953 3709 1183 3768 etconventus
1206 3703 1376 3767 antedicti

77 3787 227 3856 Eberhero
256 3800 287 3858 et
314 3793 525 3858 coheredibus
555 3795 622 3856 suis
648 3793 797 3856 omnibns
823 3813 919 3876 supra
940 3795 1033 3858 dictis
1053 3793 1275 3878 persolverunt
1295 3793 1376 3855 inta-

76 3881 195 3960 graliter
225 3883 337 3948 decem
363 3903 488 3946 marcas
514 3884 636 3966 argenti
666 3889 698 3946 ot
723 3889 915 3947 memoratos
946 3885 1165 3967 progenitores
1197 3883 1299 3966 ipsius
1329 3901 1376 3945 re-

76 3977 221 4052 ceperunt
239 3975 273 4036 in
295 3973 491 4037 consortium
511 3974 718 4038 fraternitatis
739 3972 890 4056 ipsorum,
911 3973 1115 4054 indulgentes
1136 3972 1266 4048 eisdem,
1289 3973 1376 4053 quic-

78 4060 148 4137 quid
175 4069 285 4126 ccntra
310 4063 478 4128 ecclesiam
500 4063 688 4127 Portensem
711 4062 950 4144 quomodolibet
971 4062 1195 4144 deliquissent,
1226 4067 1257 4124 et
1278 4060 1376 4123 Eber-

77 4145 167 4214 herus
191 4159 223 4216 et
253 4153 426 4217 coheredes
454 4154 504 4216 sui
529 4153 675 4236 prelibati
697 4153 855 4216 dederunt
876 4152 981 4216 abbati
1004 4158 1036 4215 et
1056 4153 1228 4215 conventui
1247 4151 1377 4234 prefatis

77 4257 163 4303 suum
192 4242 428 4326 beneplacitum
451 4247 482 4306 et
503 4263 708 4318 consensum,
745 4247 781 4305 ut
811 4242 985 4325 predictam
1017 4243 1185 4325 piscariam
1218 4241 1276 4304 snb
1308 4241 1377 4303 istis
1471 4289 1479 4305 .

76 4331 222 4408 terminis,
260 4332 383 4397 scilicet
413 4352 432 4394 a
464 4333 646 4396 molendino
677 4333 711 4394 in
744 4331 1017 4396 Hantshusleiben
1054 4351 1158 4413 usque
1193 4331 1233 4394 ad
1271 4331 1376 4393 locum

77 4421 184 4484 veteris
209 4423 386 4487 molendini
409 4422 495 4485 infra
517 4422 582 4486 Ver
607 4422 770 4486 constituti
800 4441 955 4484 lanaeum
978 4421 1088 4485 salicto
1109 4428 1141 4485 et
1161 4421 1260 4504 pratis
1281 4438 1378 4502 supra

76 4505 161 4573 dictis
190 4532 262 4576 cum
294 4511 490 4594 quibuslibet
525 4510 714 4575 utilitatibus
745 4531 832 4574 nunc
863 4513 897 4574 in
930 4513 976 4576 eis
1013 4511 1239 4595 apparentibus
1265 4509 1316 4574 vol
1342 4509 1376 4572 in

77 4609 181 4662 evum¹
200 4601 372 4666 emersuris
388 4605 518 4666 teneant
538 4607 570 4666 et
591 4601 698 4683 quiete
720 4601 904 4686 possideant
923 4603 957 4665 in
979 4607 1135 4682 eternum,
1158 4601 1377 4668 renuntiantes
