3400 5148
605 391 726 449 119153,
749 393 823 445 lane.
1318 391 1376 448 '175

84 547 269 629 pertinerent
295 542 476 623 ecclesiam,
504 543 601 606 abbas
631 550 662 606 et
682 549 859 605 couventus
880 542 994 626 prefati
1014 545 1198 608 urouasterii
1220 545 1258 607 de
1281 545 1377 610 Porta

83 636 162 697 nohis
205 635 366 698 humiliter
398 635 671 718 supplicaverunt,
710 641 743 696 ut
781 640 977 696 criutracturn
1016 635 1097 696 iuter
1127 635 1210 717 ipses
1242 644 1274 698 et
1305 655 1375 718 pre-

82 725 190 787 dictum
212 724 386 787 Iohannem
414 732 519 788 ratum
541 723 656 786 habere
679 744 716 784 ac
739 731 845 786 riostro
865 723 1032 806 privilegio
1054 725 1243 786 confirmare
1266 725 1376 807 digna-

82 835 187 878 remur.
229 813 295 877 Nos
315 815 428 896 igiturf
445 813 682 877 considerantes
697 813 952 896 prenominatosg
974 833 1102 878 lnntlsos
1119 821 1224 877 nostre
1242 815 1375 878 ecclesie

80 925 93 965 a
122 905 217 968 tantis
256 923 418 985 nunqnam
459 913 625 966 vacaturos
663 921 723 964 nec
751 903 890 964 fructum
918 901 1053 966 alicuius
1083 903 1289 967 emolumenti
1317 925 1376 967 nos

81 993 247 1070 habituros,
278 993 467 1076 prelibatum
501 998 698 1054 contractum
731 992 814 1052 inter
844 990 990 1054 abbatem
1018 999 1051 1054 et
1076 999 1268 1055 conventum
1298 993 1376 1056 Pur-

80 1095 174 1146 teuses
212 1103 250 1146 ac
289 1086 349 1144 ianr
387 1083 508 1144 dictum
533 1081 708 1144 Iohannem
743 1081 862 1144 factum
901 1081 939 1144 de
980 1081 1129 1144 ‹roncnrdi
1161 1101 1317 1146 consensu
1346 1094 1376 1147 et

80 1173 212 1234 unanimi
226 1172 389 1233 voluntate
412 1177 525 1246 ratum,
544 1178 669 1250 gratum
690 1171 830 1252 gerimus
851 1177 883 1232 et
903 1178 1068 1254 acceptum
1091 1192 1128 1234 ac
1149 1173 1277 1235 eosdem
1296 1174 1376 1236 diros

80 1281 197 1324 mansos
224 1263 256 1324 in
284 1261 360 1323 villa
391 1269 423 1323 et
443 1279 524 1343 pago
545 1259 808 1324 Hentscesleiben
831 1260 908 1324 sitos
929 1281 1001 1324 cunr
1024 1262 1122 1336 areis,
1150 1262 1242 1340 ortis,
1269 1265 1376 1345 pratis,

79 1352 209 1432 pascuis,
240 1351 386 1426 carectis,
416 1350 575 1434 piscariis,
604 1350 740 1426 salictis,
766 1350 860 1414 cultis
880 1357 911 1414 et
931 1351 1060 1414 incultis
1082 1357 1114 1414 et
1134 1371 1207 1414 cmn
1229 1354 1377 1416 omnibns

79 1440 111 1502 ad
137 1441 223 1523 ipsos
245 1439 477 1522 pertinentibus
496 1439 603 1501 abbati
624 1446 655 1501 et
676 1441 847 1502 conventui
871 1439 1078 1504 Portensibus
1097 1460 1171 1524 sepe
1193 1443 1286 1505 dictis
1306 1463 1376 1525 pre-

78 1531 167 1592 sentis
198 1529 306 1612 scripti
342 1529 516 1611 patrocinio
550 1528 780 1602 contradimus,
818 1531 1058 1612 appropriamus
1087 1537 1119 1592 et
1149 1533 1376 1596 confirmamus

80 1638 144 1680 cum
180 1618 268 1680 omui
305 1619 390 1694 iure,
427 1617 583 1696 duminio,
616 1618 821 1700 proprietate,
857 1621 1070 1700 possessione,
1107 1622 1313 1700 proventibus
1345 1630 1377 1686 et

78 1708 259 1772 utilitatibus
274 1708 436 1777 erunibus,
459 1728 520 1789 que
533 1714 596 1770 tarn
612 1708 704 1770 nolus
720 1727 815 1788 quam
833 1710 985 1791 premisso
1003 1711 1138 1773 lohauni
1155 1713 1377 1794 competebant

78 1810 104 1859 et
130 1818 192 1879 que
218 1797 415 1861 habebamus
442 1799 474 1859 iu
498 1797 589 1880 ipsis,
616 1817 678 1878 que
704 1816 791 1860 nrruc
818 1804 893 1860 sunt
918 1808 950 1860 et
970 1800 1002 1860 iu
1024 1807 1187 1882 postermu
1209 1805 1376 1884 poterunth

78 1887 309 1968 quomodolibet
343 1888 525 1970 provenire,
558 1889 624 1949 sive
656 1889 686 1950 iu
719 1889 888 1970 superlicio
918 1895 1000 1951 terre
1033 1891 1094 1951 iarn
1124 1899 1296 1974 appareant
1327 1893 1376 1956 vel

77 1979 163 2040 etiam
188 1979 443 2059 quibuscumque
456 1978 559 2040 modis
572 1979 602 2040 iu
622 1979 694 2040 imis
711 1984 793 2042 terre
809 1979 1014 2061 apparuerint
1029 1979 1063 2040 iu
1080 1980 1201 2049 futuro,
1223 1986 1375 2064 perpetuo

76 2068 291 2148 possidendos,
315 2069 361 2130 ita
388 2069 473 2148 99991
500 2067 598 2130 abbas
625 2075 656 2130 ct
683 2074 860 2132 corrventus
881 2068 1051 2132 l'ortenses
1070 2070 1163 2132 annis
1180 2070 1315 2152 singulis
1336 2071 1375 2134 de

77 2159 190 2220 mansis
220 2165 293 2220 ante
327 2158 419 2220 dictis
445 2158 508 2220 ‹luo
536 2158 653 2222 talenta
683 2178 753 2222 cere
782 2164 888 2222 nostre
915 2159 1097 2240 persolvant
1120 2159 1253 2224 ecclesie
1279 2167 1310 2222 et
1336 2161 1375 2224 de

76 2247 190 2310 mansis
209 2246 371 2312 Herbordi
391 2248 453 2310 iam
478 2253 551 2311 ante
572 2249 761 2332 comparatis
783 2248 844 2310 alia
866 2248 929 2311 duo
951 2248 1069 2312 talenta
1089 2268 1176 2326 cere,
1199 2249 1375 2314 secundnm

76 2337 153 2414 quod
179 2338 212 2398 in
237 2343 401 2399 contractu
422 2337 608 2400 eorumdem
630 2357 814 2400 mansorum
834 2337 939 2401 fuerat
959 2339 1232 2420 compromissum
1274 2337 1376 2422 Super

75 2427 236 2490 evictionis
255 2433 287 2490 et
306 2427 488 2508 guarandie
510 2427 717 2490 concionibus
738 2432 802 2490 tam
814 2427 972 2490 lohannes
994 2447 1091 2508 quam
1109 2429 1204 2490 etiam
1216 2428 1376 2498 hibertus,

74 2517 209 2578 coninua
232 2516 341 2578 matris
363 2535 429 2592 sue,
451 2517 593 2580 omnium
614 2517 830 2598 predictorum
851 2517 1051 2580 venditorum
1074 2523 1106 2580 et
1126 2517 1376 2581 contraditerum

75 2604 175 2668 abbati
197 2612 228 2668 et
243 2606 416 2668 conventui
434 2607 615 2668 merueratis
631 2606 807 2668 secundum
825 2611 906 2668 terre
923 2605 1188 2668 consuetudinem
1199 2607 1376 2687 aritiquitus

74 2693 268 2758 observatam
295 2702 327 2758 et
347 2695 500 2758 lracteuus
520 2693 725 2778 approbatam
742 2715 775 2758 se
796 2695 861 2757 fide
883 2695 1088 2779 corporaliter
1106 2697 1235 2778 prestita
1257 2696 1376 2779 obliga-

75 2793 192 2847 verunt.
229 2784 311 2846 Sarra
330 2803 403 2846 cum
418 2784 590 2862 Iohannes
612 2783 764 2848 albertus
779 2793 811 2847 et
826 2784 996 2855 lohannes,
1020 2785 1077 2848 filii
1095 2785 1376 2850 dominilohanuis

74 2873 108 2936 dc
136 2872 403 2951 Heruersleibcu,
437 2879 619 2956 pretaxatas
657 2873 737 2936 duos
777 2892 905 2936 mansos
940 2875 972 2936 in
1004 2894 1117 2937 manus
1148 2881 1273 2938 nostras
1299 2877 1375 2939 resi-

73 2963 235 3042 gnaverint
269 2969 300 3025 et
332 2971 403 3025 aute
437 2971 563 3026 notatus
579 2962 737 3026 Iohannes
767 2963 938 3048 legittimos
967 2963 1087 3028 habens
1112 2983 1213 3028 99999
1239 2963 1376 3027 feodalia

72 3053 243 3135 recipiendi
274 3073 311 3114 ac
336 3053 519 3135 resignandi
545 3055 578 3115 in
605 3073 718 3116 manns
747 3055 1038 3136 prenominatorum
1060 3054 1224 3132 Iohannis,
1252 3053 1375 3117 Alberti

73 3151 100 3201 et
120 3142 272 3204 Iohannis
300 3141 427 3224 publice
452 3162 489 3205 ac
518 3142 723 3225 solempniter
742 3145 965 3226 resignaverit,
991 3143 1080 3206 nullo
1103 3144 1186 3216 iure,
1207 3162 1304 3206 eausa
1324 3144 1374 3206 vel

71 3233 235 3295 ‹ccasione
258 3233 337 3294 iuris
353 3232 501 3295 omnibns
515 3233 561 3296 eis
575 3232 609 3294 in
630 3234 792 3315 premissis
808 3234 927 3296 mansis
945 3231 1183 3314 quomodolibet
1198 3234 1375 3310 reservatis,

73 3333 103 3380 ur
134 3327 267 3384 tractata
297 3322 342 3383 sic
375 3321 603 3385 rationabiliter
633 3327 664 3384 et
695 3331 822 3405 peracta
846 3327 999 3405 perpetua
1023 3322 1174 3384 firmitate
1202 3323 1376 3386 considant

71 3427 182 3472 merua
211 3415 321 3472 contra
348 3409 517 3473 oblivionis
542 3411 796 3490 incommodum,
826 3411 1035 3474 cavillationis
1056 3416 1087 3473 et
1107 3411 1376 3494 interpretationis

71 3499 282 3581 calumpniam
316 3499 548 3578 detestandam,
578 3519 674 3582 super
701 3501 747 3564 eis
778 3507 958 3583 presentem
990 3501 1138 3582 paginam
1164 3501 1376 3583 conscriptam

70 3587 244 3670 sigillorum
266 3595 449 3652 nostrornm
467 3589 714 3672 appensionibus
731 3591 882 3653 iussimus
896 3590 1052 3668 reborari,
1076 3597 1109 3652 nt
1126 3610 1168 3652 ex
1183 3589 1243 3652 hoc
1258 3589 1374 3652 efficax

69 3677 223 3741 memoria
248 3677 289 3740 sit
316 3685 349 3741 et
376 3679 555 3761 perhennis.
601 3679 683 3742 ,Acta
708 3687 783 3742 suut
808 3679 867 3742 hec
895 3697 978 3742 anno
1004 3680 1231 3742 incamatiouis
1256 3679 1376 3742 domiui

70 3773 287 3832 u⁰co⁰n⁰v1
296 3779 317 3846 ⁰,
338 3768 440 3851 pridie
462 3787 562 3830 nonas
579 3768 783 3846 Novembris,
805 3769 1006 3853 presentibus
1017 3771 1076 3842 eis,
1096 3787 1230 3850 quorum
1247 3771 1376 3833 nomina

69 3861 142 3918 sunt
163 3854 360 3939 subscripta:
391 3857 559 3920 Cunradns
580 3858 784 3938 cellerarius,
813 3859 885 3922 Otto
907 3861 946 3921 de
972 3859 1108 3936 Gebcse,
1131 3857 1250 3939 Symon
1272 3878 1376 3922 came·

71 3947 170 4008 rarius
202 3952 392 4016 conventus,
420 3947 625 4010 Her-mannus
660 3949 699 4010 de
729 3949 888 4016 strennue.
921 3948 1089 4010 Ounradus
1120 3947 1242 4010 abbatis
1272 3965 1376 4012 carne-

68 4037 183 4112 rarius,
222 4035 425 4098 Hermannus
456 4038 630 4120 portarius,
668 4038 831 4102 Helvvicus
859 4037 1129 4116 subcaurerarius,
1159 4037 1318 4100 lohannes
1345 4043 1377 4100 et

68 4123 121 4186 lilii
155 4125 230 4187 eius
257 4125 470 4190 Theodericus
501 4128 654 4190 scultetus
685 4129 723 4190 de
752 4128 874 4191 (lebese
903 4135 935 4190 et
961 4129 1152 4190 hetereius
1180 4127 1376 4202 Ekehardus,

72 4215 243 4277 lleinricus
268 4216 383 4280 llahek
410 4223 442 4280 et
463 4217 550 4279 filius
572 4218 641 4279 eius
660 4217 888 4296 Theodericus,
908 4217 1120 4280 Theodericus
1141 4216 1245 4296 Meim,
1267 4215 1375 4279 Wine-

70 4323 195 4378 marus,
235 4303 382 4384 lacobus
421 4305 607 4386 Heinricus,
646 4305 813 4377 Albertus,
849 4308 1070 4384 HermannuS,
1101 4305 1306 4369 Hermannns
1336 4305 1374 4368 de

73 4391 342 4475 ll'criugesbusen
364 4393 469 4456 etalii
493 4413 586 4474 quarn
612 4395 726 4476 plures.

134 4506 347 4562 “trahunturD
365 4500 518 4562 biohannis
526 4507 628 4576 febltD
646 4509 900 4564 ⁰communitoltl'
915 4500 1060 4565 dcontinet
1073 4511 1096 4563 T
1111 4509 1379 4580 ‘detrinrapasdptl'

70 4571 154 4658 ι9999
175 4587 204 4640 Τ
248 4585 436 4657 ‘prenotatos
456 4589 480 4641 T
528 4589 742 4658 hpotuerintT
783 4583 935 4644 icellarius
955 4591 980 4643 T
1020 4583 1195 4646 kHackeT
1234 4583 1379 4660 Ι1199911
