3400 5148
505 391 555 449 Nr.
569 392 712 450 lat—188.
732 393 912 448 laea-lano.
1311 393 1360 450 201

88 543 286 608 rationabiliter
313 543 468 609 ordinatis
497 563 656 609 consensu
688 543 836 608 benivolo
866 543 1053 608 accedentes
1081 544 1122 608 oh
1152 546 1363 608 reverentiam

87 635 195 698 nominis
223 633 318 698 Ihesu
347 633 463 698 Christi
490 653 550 698 nec
577 653 641 697 non
666 635 784 698 intuitu
810 635 973 717 genitricis
995 634 1047 698 dei
1072 635 1205 718 virginis
1227 634 1363 717 gloriose

85 743 122 805 pro
138 725 275 788 remedio
296 725 401 788 anime
423 729 539 798 nostre,
559 743 706 788 carorum
728 743 856 806 qnoque
877 729 1068 802 nostrorum,
1090 726 1364 790 consentientibus

84 813 149 878 uobis
177 815 387 878 coheredibus
414 815 546 894 nostris,
579 815 711 880 alberto
742 815 892 880 videlicet
920 814 1093 897 'thuringie
1125 816 1301 897 lantgravio
1333 823 1364 878 et

83 903 247 970 Theoderico
273 905 456 969 marchione
482 905 521 969 de
547 904 764 981 landesberc,
792 906 900 988 sepius
925 911 1116 969 memoratos
1141 925 1270 970 mansos
1289 925 1363 969 cum

83 995 204 1059 omnibus
234 996 300 1059 suis
327 995 502 1058 attinentiis
527 1001 601 1060 ante
621 996 714 1060 dictis
734 995 924 1061 tradidimus
945 997 1138 1060 monasterio
1162 995 1309 1060 Portensi
1330 995 1362 1058 in

82 1103 171 1148 nanus
199 1086 320 1148 domini
349 1084 521 1148 Alheronis
547 1084 671 1149 abbatis
695 1085 813 1150 ibidem
842 1105 915 1150 cum
945 1086 1032 1150 omui
1058 1087 1127 1150 iure
1156 1085 1365 1168 proprietatis,

82 1175 144 1254 quod
164 1176 257 1240 nobis
277 1175 311 1238 in
332 1175 410 1259 ipsis
424 1175 544 1239 mansis
560 1175 759 1260 competebat
779 1175 1019 1260 relcompetore
1033 1177 1198 1260 poteratin
1211 1176 1364 1248 futurum,
1409 1225 1411 1230 .

80 1283 130 1327 run
151 1265 348 1348 possessione
378 1270 410 1330 et
437 1265 577 1329 dominio
613 1265 751 1330 subnixa
778 1273 931 1350 perpetua
959 1265 1123 1344 firmitate,
1150 1265 1307 1343 volentes,
1329 1271 1366 1328 ut

80 1355 165 1420 ordlus
194 1356 420 1420 advocatorum
449 1360 630 1420 nostrorum
660 1355 710 1420 vel
742 1355 958 1437 quorumlibet
993 1353 1148 1420 nobilium
1180 1356 1303 1420 iudices
1331 1356 1364 1418 in

78 1443 133 1526 ipsis
159 1447 277 1511 mansis
305 1452 411 1510 nostre
445 1446 625 1511 donationis
653 1452 802 1530 pretextu
825 1445 937 1510 iudicii
964 1445 1100 1510 alicuius
1130 1446 1179 1512 vel
1201 1445 1365 1510 advocatio

78 1541 131 1600 ante
154 1537 272 1600 dictum
292 1537 519 1600 monasterium
542 1536 658 1600 audeat
679 1536 782 1599 modis
803 1535 965 1618 aliquibus
986 1535 1062 1598 ullis
1077 1537 1110 1598 in
1128 1555 1224 1600 evum
1244 1541 1364 1618 tompo-

78 1624 147 1690 ribus
170 1625 352 1704 molestare,
376 1627 543 1710 presertim
569 1645 642 1689 cum
668 1626 729 1709 ipsi
754 1627 857 1690 mansi
885 1626 1039 1690 hactenus
1065 1625 1157 1690 liberi
1184 1625 1365 1690 exstiterint

76 1713 103 1776 ab
119 1717 203 1779 omni
225 1735 321 1782 onere
341 1716 486 1781 iudicum
510 1721 542 1780 et
561 1735 718 1800 pressura
748 1715 790 1779 Et
811 1735 851 1780 ne
867 1735 963 1800 super
978 1716 1186 1800 premissisin
1201 1721 1362 1800 posterum

75 1805 185 1888 aliquod
206 1807 340 1872 dubium
360 1807 488 1886 oriatur,
511 1811 691 1890 presentem
714 1807 861 1890 paginam
882 1806 1040 1870 conscribi
1059 1805 1195 1870 fecimus
1216 1811 1247 1870 et
1267 1805 1364 1886 sigilli

75 1898 156 1961 notri
168 1899 344 1961 munimine
356 1897 497 1961 roborari
509 1916 583 1960 cum
596 1895 818 1980 astipulatione
831 1897 959 1960 testium
972 1895 1231 1978 subscriptorum.
1256 1894 1364 1959 Testes

75 1992 133 2049 sunt
156 1987 214 2050 hii:
244 1987 429 2052 Meiuherus
459 1986 575 2050 nobilis
602 1986 706 2050 dictus
734 1984 773 2049 de
797 1985 1008 2067 Vitzeuburg,
1037 1985 1166 2050 Vlricus
1187 1985 1226 2049 de
1247 1983 1364 2062 Maltiz,

76 2073 242 2140 l'olcwinus
270 2077 309 2140 de
337 2075 536 2152 Robatsciac,
565 2076 729 2138 Cristanus
754 2075 847 2139 miles
869 2075 908 2138 de
929 2075 1109 2153 Buntense,
1139 2074 1266 2156 Witego
1293 2092 1363 2156 pre·

74 2167 178 2244 positus
209 2167 249 2230 de
279 2165 476 2244 Northusen,
513 2164 745 2250 Degenhardns
776 2165 970 2228 camerarius
999 2164 1175 2244 PortensiS,
1212 2162 1364 2228 hibertus

74 2257 231 2320 nonachus
252 2256 385 2334 ibidem,
406 2255 546 2319 Wiricus
567 2255 654 2339 prior
675 2253 843 2333 Cellensis,
866 2253 980 2318 Petrus
995 2253 1170 2317 monachus
1192 2253 1311 2316 ibidem
1332 2259 1364 2316 et

73 2343 113 2406 alii
148 2365 243 2428 quam
280 2345 396 2429 plures.
447 2344 566 2408 Datum
596 2343 732 2408 Vriborc
769 2363 853 2406 anno
886 2343 1007 2407 domini
1038 2343 1297 2422 M⁰CC⁰LX⁰V⁰,
1329 2343 1362 2405 in

74 2435 194 2498 crastino
215 2435 385 2520 Lamperti.

131 2572 140 2611 ¹
157 2573 237 2628 naa
254 2571 307 2628 aa·
323 2573 415 2628 neom
432 2573 525 2628 maen
548 2571 696 2627 craece
713 2572 749 2626 or
766 2589 821 2626 aar
840 2571 972 2626 naama
996 2570 1151 2638 nemore.
1200 2569 1213 2608 2
1232 2569 1364 2624 aaran

70 2651 138 2706 aaa„
154 2653 202 2708 aaa
219 2653 263 2708 aa
279 2653 425 2724 neaeram
450 2652 578 2709 usmaro
594 2653 752 2722 ammon,
770 2651 856 2706 aare
874 2651 921 2705 oo
938 2651 1075 2721 meone.

586 2804 834 2815 ——-——..

70 2899 169 2984 lato.
1273 2905 1362 2985 188.

136 3046 288 3112 Heinrich
307 3045 410 3112 aanor
421 3069 480 3112 von
494 3046 649 3114 ldebdcdt
669 3049 798 3116 bekannt
818 3069 885 3114 vona
906 3049 1033 3114 Klostcr
1046 3051 1151 3131 Pforte
1171 3049 1239 3112 nno
1254 3047 1366 3112 Moibla

98 3155 136 3200 ru
162 3137 349 3202 Lcaateralbal
371 3137 628 3204 mritckarbclten
653 3159 695 3203 aaa
720 3139 819 3204 haben
849 3143 942 3202 unm
967 3139 1022 3203 der
1052 3139 1259 3220 Badinpoanp,
1290 3137 1366 3202 dass

98 3226 223 3399 malae
253 3227 334 3292 noda
359 3227 476 3292 acinam
506 3227 575 3291 arnol
604 3229 707 3294 seincr
741 3229 854 3294 Gattin
889 3227 971 3293 Tode
1000 3229 1113 3294 anedcr
1143 3228 1211 3292 dom
1239 3227 1366 3292 Klostar

206 3455 341 3515 Hdscbrs
363 3447 480 3512 TW.
510 3455 539 3510 D
556 3461 592 3512 9⁶
609 3457 662 3523 (tit.
675 3457 815 3526 Lutirrtal)
833 3475 885 3512 aaa
902 3457 961 3512 darn
979 3460 1018 3516 15.
1032 3459 1128 3514 Jahrb.

207 3561 316 3616 nmr:
334 3561 469 3616 mona:
494 3561 579 3631 norff
593 3561 635 3629 rr,
655 3566 713 3618 131.

138 3689 204 3754 Nos
228 3689 403 3754 Heinricus
428 3690 521 3756 miles
547 3690 651 3755 dietus
677 3691 717 3756 de
737 3690 929 3756 Libenstede
956 3711 1113 3756 unacum
1135 3711 1236 3756 uxore
1258 3696 1366 3754 nostra

67 3775 172 3859 Sophia
197 3779 259 3842 hiis
283 3779 398 3844 litteris
424 3779 551 3863 publice
573 3785 793 3864 protestamur,
816 3779 902 3862 quod
924 3782 963 3845 de
985 3787 1110 3845 maturo
1132 3781 1264 3845 consilio
1287 3799 1365 3862 quo·

68 3867 190 3932 rundam
219 3869 354 3932 fratrum
390 3869 592 3956 Portensium
622 3870 801 3953 recepimus
834 3889 852 3931 a
885 3871 1060 3934 venerabili
1092 3871 1221 3934 domino
1252 3867 1364 3934 abbate

67 3952 241 4040 Allberone]
264 3957 304 4022 de
325 3958 422 4022 Porta
442 3957 662 4022 molendinum
684 3959 780 4022 situm
800 3960 834 4022 in
856 3979 936 4042 pago
959 3959 1172 4038 Leutentale¹,
1199 3959 1364 4022 nedictus

67 4043 153 4110 abbas
179 4066 217 4112 ac
241 4067 319 4110 suus
347 4053 525 4111 conventus
551 4047 715 4112 occasione
744 4047 879 4112 alicuius
905 4050 950 4112 rei
980 4049 1012 4112 in
1042 4049 1155 4112 eodem
1181 4047 1364 4112 molendino

66 4151 227 4209 cavamen
254 4137 293 4200 ab
323 4137 430 4218 aliquo
463 4137 604 4202 indebite
630 4143 823 4221 paterentur.
871 4137 993 4202 Verum
1025 4157 1098 4201 cnm
1129 4139 1214 4200 inter
1244 4157 1303 4200 nos
1333 4143 1366 4200 et
1405 4207 1409 4215 ,

68 4219 225 4290 l'ortenses
257 4226 329 4290 talis
354 4227 543 4310 interposita
568 4228 666 4290 sitin
695 4226 756 4290 hoc
785 4228 868 4291 iacto
894 4228 1048 4306 conditio,
1078 4227 1141 4306 utl,
1168 4227 1194 4290 si
1216 4226 1364 4288 dominus

66 4309 146 4378 lesus
173 4335 233 4380 nos
259 4321 291 4379 et
316 4335 451 4380 uxorem
481 4321 621 4378 nostram
646 4315 751 4380 medio
779 4323 920 4400 tempore
946 4317 1073 4380 evocari
1099 4316 1219 4379 iaceret
1244 4315 1283 4378 de
1305 4314 1365 4378 hoc

66 4405 188 4486 mundo,
208 4411 283 4468 ante
305 4405 425 4468 dictum
447 4405 666 4468 molendinum
690 4404 730 4469 ad
754 4425 974 4488 quoscumque
995 4411 1121 4469 nostros
1138 4405 1272 4469 heredes
1294 4403 1365 4466 aiii-

66 4491 153 4557 nitate
171 4495 223 4558 rel
244 4495 521 4578 consanguinitate
542 4494 635 4558 nobis
653 4494 840 4559 coniunctos
862 4496 1046 4560 nullatenus
1059 4496 1175 4579 poterit
1188 4492 1263 4574 (sic)
1283 4493 1366 4557 deri-

66 4599 145 4664 vare,
171 4585 242 4664 sed,
271 4583 539 4666 quandocumque
564 4585 693 4648 domino
727 4583 896 4650 abbatiae
928 4587 994 4650 suis
1023 4585 1175 4650 fratribus
1204 4585 1243 4648 de
1269 4584 1366 4648 Porta
