3442 5148
520 382 570 441 Nr.
583 383 695 438 34-35.
716 380 897 440 usu-1190.
1329 373 1362 430 58

79 535 337 638 pree-neo.
352 535 380 638 1]
1296 525 1361 608 ae.

142 670 275 752 Biscbof
290 669 420 734 Batora
440 669 484 734 Η.
502 690 561 732 oon
583 667 772 748 Nuumburp
792 667 933 748 bestdtipt
953 666 1021 728 dem
1043 663 1167 728 chster
1188 665 1294 744 Pforte
1312 661 1362 724 dic

109 761 245 824 adaram
275 759 375 822 sci-eres
416 759 561 822 Bistums
602 759 793 822 ermorbeucn
828 757 1040 836 Besitaunpcn
1080 755 1114 816 in
1151 751 1360 833 Porstcndcrf,

110 849 304 932 llerdendorf,
329 848 518 927 ankaor'tr,
544 849 718 925 Geruslcdt,
741 847 872 912 barraba
890 847 958 910 aad
979 845 1159 922 Altenburp.

208 975 342 1032 Educta:
368 975 412 1032 Or.
434 975 507 1044 Pap.
526 976 690 1044 carbrieben
711 991 763 1028 uon
782 973 919 1027 Rarterwcr
938 972 1025 1026 Haud
1047 973 1107 1040 (opt
1129 971 1207 1024 Posse
1224 972 1283 1037 19),
1311 987 1362 1022 rur·

257 1055 391 1112 vellendat.
439 1055 503 1122 Ans
524 1055 573 1109 dua
600 1057 673 1108 letata
698 1053 771 1108 Wont
797 1055 863 1122 f⁰ldl
887 1053 931 1108 ein
952 1053 1102 1106 Samikolon
1126 1050 1184 1104 eard
1207 1051 1265 1104 ciue
1288 1049 1363 1102 habe

257 1134 315 1187 med
333 1134 391 1188 ἄνοι’
406 1151 490 1202 parvae
508 1133 722 1188 accenseam
735 1133 842 1187 Ianicu.
875 1132 1116 1200 Siepeleiueclmr'tte
1124 1129 1187 1184 airvd
1200 1129 1361 1186 verbanden.

259 1215 357 1282 Psorte,
376 1215 526 1268 Bibliodoek
543 1213 578 1270 B.
589 1217 612 1268 4.
632 1245 662 1253 —
684 1213 713 1266 D
730 1218 766 1268 22
783 1214 835 1279 (tit.
855 1211 1040 1280 Borseudorl).
1063 1211 1087 1264 T
1101 1212 1158 1268 199.

206 1319 320 1375 Dauom
339 1319 473 1374 Dauom
489 1319 575 1387 Wolff
588 1319 613 1384 Ι,
632 1319 690 1373 198.
715 1317 770 1387 Vol.
789 1318 912 1384 Bootae,
932 1316 1113 1371 Naupactus
1132 1315 1174 1381 ΙΙ,
1192 1321 1235 1374 36.

143 1435 172 1497 C.
195 1435 206 1514 fl
229 1435 266 1498 In
290 1436 417 1498 nomine
439 1439 547 1498 sancte
562 1440 594 1498 et
608 1433 774 1496 individue
791 1433 947 1496 trinitatis
966 1431 984 1512 *ll
1008 1431 1230 1495 Bertoldusflm
1254 1431 1363 1494 diviua

74 1525 185 1588 ferente
205 1525 374 1588 elementia
396 1524 661 1604 Nuenburgensis
687 1524 854 1606 episcopus
876 1521 1023 1584 omnibus
1044 1521 1178 1584 ecclesie
1200 1521 1277 1583 tiliis
1298 1527 1362 1584 tam

75 1615 259 1695 presentibus
299 1635 393 1696 quam
430 1615 547 1676 futuris
585 1613 728 1675 bravium
767 1618 874 1676 eterne
912 1611 1081 1674 felicitatis.
1133 1611 1289 1686 Quoniam
1320 1629 1360 1674 ex

74 1705 225 1768 commisso
252 1703 345 1768 nobis
373 1703 560 1786 episcopalis
586 1702 684 1764 cilicii
714 1701 819 1765 debito
844 1705 987 1764 nostnrm
1013 1706 1062 1764 est
1087 1701 1229 1764 ecclesiis
1256 1705 1361 1763 nostre

74 1792 192 1856 diocesis
212 1813 277 1856 ¹non
299 1797 363 1855 tam
386 1812 512 1875 preesse
535 1811 630 1872 quam
652 1791 816 1873 prodesse,
838 1809 932 1873 opere
955 1789 1098 1873 precium
1120 1789 1281 1867 duximus,
1302 1787 1361 1872 [ut]

78 1880 242 1946 Portensem
266 1882 433 1946 ecclesiam
456 1901 473 1944 a
494 1880 772 1964 predecessoribus
793 1880 910 1942 nostris
931 1881 1108 1942 institutam
1125 1899 1199 1942 oum
1214 1878 1362 1942 omnibus

74 1973 130 2034 suis
148 1973 320 2036 attinentiis
342 1991 399 2034 nos
423 1991 551 2054 quoque
570 1971 727 2053 privilegii
750 1970 849 2032 nostri
863 1970 979 2051 scripto
996 1975 1028 2032 et
1047 1968 1235 2052 episcopali·
1256 1967 1361 2030 banno

73 2061 253 2136 muniamus,
287 2068 322 2124 ut
347 2063 393 2124 sic
424 2061 456 2122 in
482 2067 644 2143 posterum
675 2077 801 2122 omnem
832 2060 861 2122 ei
888 2059 1006 2121 iniuste
1034 2059 1208 2121 invasionis
1240 2057 1360 2120 aditum

73 2168 299 2228 probaverimus,
329 2152 479 2233 quatinus
502 2151 548 2213 sic
574 2155 683 2212 nostra
709 2155 741 2212 et
766 2167 987 2212 successorum
1013 2148 1196 2211 defensione
1218 2147 1361 2228 undique

73 2242 234 2319 muniatur,
262 2247 298 2304 ut
324 2261 342 2302 a
363 2241 471 2303 divino
495 2240 624 2303 servitio
646 2245 678 2302 et
697 2239 840 2301 interiori
862 2239 984 2319 quiete,
1007 2237 1079 2318 qui'³
1101 2256 1227 2320 semper
1246 2255 1360 2301 vacare

73 2328 161 2408 debet,
185 2330 283 2394 nullis
307 2329 520 2393 exterioribus
545 2327 802 2392 infestationibus
828 2327 1027 2410 impediatur.
1069 2327 1192 2390 Verum
1223 2328 1298 2408 quia
1326 2327 1360 2388 in

73 2416 113 2479 his
141 2419 236 2498 bouis,
269 2439 332 2500 que
364 2425 436 2482 ante
472 2419 688 2501 episcopatum
720 2423 864 2480 nostrum
897 2417 1128 2498 acquisierunt,
1155 2415 1264 2478 multis
1287 2425 1362 2479 srmt

72 2508 300 2588 apostolicorum
322 2515 354 2571 et
374 2508 634 2591 predecessorum
648 2515 830 2571 nostrorum
847 2506 1021 2589 privilegiis
1038 2505 1233 2584 communiti,
1250 2524 1361 2588 super-

72 2607 125 2672 est,
155 2603 187 2660 ut
213 2599 310 2662 etiam
337 2597 399 2677 his,
430 2617 492 2678 que
519 2597 657 2660 nostris2
684 2596 879 2680 temporibus
906 2596 951 2658 eis
972 2595 1088 2657 donata
1110 2594 1160 2657 vel
1181 2595 1263 2657 iuste
1286 2601 1360 2658 sunt

71 2688 221 2766 aequisita,
251 2693 358 2750 nostra
383 2687 569 2750 auctoritate
597 2686 840 2762 confirmemus
862 2704 924 2766 que
945 2683 1081 2768 propriis
1102 2684 1286 2746 nominibus
1307 2684 1359 2748 hic

71 2777 238 2839 annotanda
260 2775 469 2840 decrevimus.
512 2773 593 2838 Sunt
616 2780 722 2838 autem
742 2775 816 2838 hec:
846 2774 977 2858 grangia
1003 2773 1037 2836 in
1062 2773 1265 2855 Borsendorp
1286 2791 1359 2836 oum

73 2865 253 2942 molendino,
282 2867 374 2928 cuius
401 2865 580 2928 clausuram
607 2875 650 2926 Ψ
678 2865 793 2927 mareis
820 2863 858 2926 ab
880 2863 1020 2926 Henrico
1046 2862 1085 2925 de
1108 2863 1359 2951 Glizbercuopti-

74 2961 206 3030 oderunt
225 2955 310 3017 bona
332 2955 365 3016 in
386 2954 620 3037 Mertindorplr‚
648 2973 710 3035 que
731 2959 877 3018 emerunt
898 2973 916 3015 a
937 2952 1062 3015 duobus
1082 2951 1234 3016 fratribus
1254 2953 1359 3015 Vlrioo

72 3053 96 3102 er
121 3043 275 3108 l'riderico
303 3051 335 3107 et
362 3063 473 3107 eorum
502 3043 673 3108 heredibus
700 3043 864 3106 LX·ll·¹’¹¹⁸
892 3043 1007 3105 marcis
1035 3047 1067 3105 et
1092 3061 1111 3103 a
1137 3042 1301 3122 Thymone
1328 3048 1359 3104 et

71 3133 129 3194 eins
149 3133 316 3197 heredibus
338 3133 484 3198 similiter
503 3135 667 3197 1111111Ιιὶωο
694 3133 809 3195 mareis
831 3137 863 3196 et
884 3151 902 3194 a
923 3131 1086 3194 Gerhardo
1108 3137 1140 3194 et
1154 3132 1358 3195 eiusheredi-

72 3218 121 3282 bus
148 3231 360 3286 lilllllffllllor
388 3224 517 3297 marcia,
547 3222 630 3285 bona
655 3223 687 3284 in
711 3221 873 3294 Puncwiz,
901 3240 962 3302 que
984 3225 1129 3284 emerunt
1149 3239 1169 3282 a
1188 3219 1356 3283 deewieo

70 3307 232 3391 lantgravio
265 3315 340 3376 ccl*
370 3313 493 3374 marcis.
547 3312 696 3374 Preterea
727 3316 759 3374 et
790 3331 848 3374 nos
882 3310 1141 3392 predecessorum
1175 3315 1355 3373 nostrorum

72 3399 142 3478 piam
167 3401 250 3464 circa
278 3401 437 3484 predictos
464 3401 634 3464 Portenses
661 3401 775 3463 fratres
796 3399 972 3462 emuloutes
994 3399 1201 3462 devocionem
1222 3399 1357 3462 contuli-

71 3506 130 3550 mus
151 3510 206 3573 prc
226 3497 367 3572 tempore
390 3490 510 3554 eisdem
529 3491 605 3553 filiis
628 3491 743 3553 nostris
765 3489 888 3552 dilectis
909 3488 1117 3552 Portensibus
1138 3507 1193 3570 pro
1216 3487 1356 3551 remedio

71 3578 162 3642 anone
184 3585 289 3642 nostre
310 3597 456 3642 mansum
479 3598 580 3641 unum
600 3579 634 3641 in
651 3578 847 3656 Gerinstede,
870 3596 964 3658 quem
986 3576 1226 3640 cambivimusa
1242 3578 1357 3640 saneti-

70 3668 247 3731 monialibus
285 3670 318 3731 in
350 3668 509 3732 Northuse
546 3687 620 3730 eum
650 3668 856 3750 permissione
888 3667 1087 3749 imperatmis
1117 3667 1269 3730 Frideriei
1300 3687 1357 3750 pro

70 3773 168 3820 manso
189 3764 220 3821 et
241 3757 372 3820 dimidio
392 3758 424 3819 in
448 3757 546 3837 Salsa,
566 3757 711 3840 predium
734 3757 829 3819 etiam
849 3757 882 3818 in
904 3755 1100 3830 Ldolrorve3,
1122 3776 1185 3837 quo
1206 3756 1358 3821 Albertus

71 3843 102 3906 de
118 3845 215 3928 Rigua
235 3867 255 3908 a
274 3846 367 3910 nobis
389 3847 632 3910 inbeneficiatos
653 3851 721 3910 erat
742 3846 891 3927 quodque
912 3846 1011 3928 ipsis
1032 3845 1221 3908 11011181(ΰοΙΙΙ
1242 3849 1357 3911 mareis

71 3935 274 4015 redemerunt,
306 3936 461 4018 quosdam
489 3938 582 4000 etiam
611 3956 703 4018 agros
730 3936 820 3998 insta
848 3936 1067 3999 molendinum
1094 3937 1250 4019 ipsorum,
1278 3956 1358 4018 quos

72 4025 260 4090 redemerunt
297 4047 315 4088 a
345 4026 495 4090 Bertoldo
527 4027 610 4089 Albo
647 4027 680 4088 in
712 4025 899 4088 Aldenburo
932 4028 1043 4089 111101ΙΙΙ
1075 4028 1204 4106 marcis,
1235 4029 1356 4090 curiam

72 4111 237 4194 ll'ernhen',
266 4133 361 4197 quam
389 4115 490 4178 tribus
516 4117 632 4178 mareis
657 4115 802 4178 similiter
822 4113 861 4177 ab
883 4116 951 4198 ipso
974 4116 1189 4195 redemerunt,
1216 4122 1248 4179 et
1265 4135 1358 4197 agros

71 4203 159 4267 eidem
183 4207 269 4269 curie
298 4206 494 4282 adiacentes,
522 4226 579 4288 pro
608 4205 725 4286 quibus
751 4205 908 4268 dederunt
935 4205 1076 4269 Henn'eo
1104 4205 1142 4268 de
1172 4206 1358 4270 Aldenburc

73 4309 195 4356 marcam
226 4301 258 4358 et
289 4299 354 4358 tres
383 4296 537 4374 fertones,
569 4295 772 4378 lapicidinam
804 4313 931 4375 quoque
961 4295 993 4356 in
1024 4300 1131 4358 monte
1163 4295 1358 4374 Aldenburo‚

73 4400 154 4459 quam
176 4385 379 4448 redemerunt
403 4403 422 4446 a
443 4383 566 4448 Sibertc
589 4384 840 4448 deAldenburc⁰
856 4386 949 4446 17111ιο
970 4385 1085 4447 marcis
1109 4392 1141 4448 et
1161 4386 1199 4446 ab
1216 4384 1357 4447 Henrioo

74 4479 140 4533 llll⁰¹
169 4476 284 4538 marcis
315 4480 348 4536 et
378 4494 434 4558 pro
467 4475 527 4551 via
561 4493 623 4555 que
653 4475 740 4537 ducit
770 4473 809 4536 ad
831 4473 1048 4556 lapicidinam,
1080 4474 1183 4538 eidem
1204 4473 1356 4537 Heinrieo

75 4557 222 4628 dimidiam
243 4583 391 4629 marcam.
422 4563 492 4630 Hoc
514 4569 545 4629 et
568 4581 769 4646 quecumque
788 4562 850 4626 alia
872 4562 955 4628 bona
973 4563 1147 4629 tradicione
1160 4563 1358 4648 pontificum,
