3392 5150
318 381 371 438 820
688 380 919 438 Urkundenbuch
936 338 985 438 dee
1003 380 1129 440 Kloeters
1147 382 1250 444 Psorte.

319 533 414 598 dibus
445 533 632 598 eorumdem
661 535 788 618 proprio
816 540 906 598 motu
937 541 970 599 et
1000 535 1084 599 bona
1108 535 1273 600 voluntate
1298 557 1359 601 nec
1386 555 1451 600 nou
1480 537 1609 600 unanimi

319 643 477 688 consensu
508 623 748 687 honorabilibus
774 624 865 705 vitis,
898 624 1037 688 dominis
1069 675 1075 687 .
1107 625 1213 689 abbati
1244 632 1276 690 et
1306 626 1460 690 fratribus
1491 625 1609 689 ecclesie
1688 661 1689 670 1

319 714 495 792 Porteusis,
523 713 699 776 rendentes
721 712 813 776 uobis
835 714 876 776 ad
896 721 1020 777 nostras
1040 733 1155 778 manus
1175 716 1429 799 resignaverunt
1471 715 1534 778 Nos
1561 717 1610 778 ita-

320 823 381 885 que
401 803 550 886 precibus
573 802 707 886 predicti
730 801 851 864 domiui
870 803 1055 867 Theoderici
1077 802 1200 866 abbatis
1215 804 1386 885 Portensis,
1409 805 1470 866 viri
1490 805 1610 867 honora·

320 892 407 972 bilis,
433 893 577 955 inclinati
604 890 645 954 ob
674 892 828 954 honorem
856 891 908 956 dei
935 899 967 956 et
991 893 1209 955 reverenciam
1235 893 1328 956 beate
1349 900 1381 956 et
1402 893 1536 976 gloriose
1556 894 1610 955 rir-

318 983 401 1066 ginis
413 983 522 1062 llarie,
543 983 654 1044 matris
674 999 731 1044 sue
753 981 876 1059 dilecte,
897 983 1050 1046 tmiversa
1070 981 1212 1064 predicta
1233 982 1531 1064 bonaquecumque
1547 1001 1608 1044 cun

316 1075 388 1135 iure
407 1077 610 1154 patronatus·
630 1070 750 1133 ibidem
769 1071 1043 1154 appropriavimus
1064 1071 1355 1136 ecclesiePorteusi
1378 1079 1411 1134 et
1423 1072 1610 1156 presentibus

319 1162 567 1245 appropriamus,
590 1162 829 1243 appropriantes
850 1161 954 1224 eidem
976 1161 1109 1224 ecclesie
1131 1161 1249 1224 nichilo
1270 1162 1377 1224 minus
1394 1181 1452 1244 per
1463 1167 1610 1250 presentes

319 1252 426 1315 omnia
452 1250 549 1328 bona,
578 1268 640 1330 que
666 1251 701 1311 in
730 1249 808 1312 rilla
834 1250 976 1333 predicta
999 1251 1094 1312 iidem
1122 1251 1237 1314 fratres
1267 1251 1306 1314 de
1335 1250 1430 1315 Porta
1456 1252 1491 1314 in
1518 1251 1609 1314 tuturo

319 1342 472 1404 duxerint
491 1338 718 1421 comparanda,
750 1358 813 1420 que
840 1339 958 1403 feodali
986 1340 1089 1421 tytulo
1118 1359 1138 1401 a
1166 1339 1259 1403 nobis
1278 1340 1432 1404 deberent
1452 1341 1610 1424 possidere.

318 1432 455 1514 Insuper
481 1449 540 1492 nos
565 1432 667 1512 ipsam
687 1430 854 1493 ecclesiam
875 1430 1061 1494 Portensem
1084 1438 1313 1513 prosequentes
1334 1433 1442 1513 gracia
1463 1438 1497 1495 et
1516 1432 1610 1493 farore

319 1520 464 1604 speciali,
490 1519 587 1582 nichil
619 1517 658 1581 de
684 1519 943 1601 contingentibus
957 1521 1137 1584 obmittere
1161 1519 1305 1583 volentes
1329 1539 1423 1584 omne
1443 1521 1510 1597 ius,
1539 1519 1610 1602 qrrod

319 1611 411 1674 nobis
434 1611 465 1672 iu
488 1609 580 1672 bonis
599 1608 751 1672 Iohannis
778 1607 937 1670 fratruelis
962 1608 1096 1691 predicti
1121 1608 1266 1672 Bertoldi
1298 1608 1417 1672 ibidem
1444 1611 1515 1672 sitis
1539 1627 1611 1672 com·

320 1699 460 1785 petebat,
492 1717 566 1782 sepe
600 1698 683 1761 dicte
718 1697 852 1762 ecclesie
879 1699 1082 1780 erogavimus
1112 1707 1145 1761 et
1176 1696 1451 1781 appropriavimus
1473 1697 1612 1760 volentes.

320 1791 404 1873 quod
428 1790 514 1852 idern
534 1788 694 1851 lohannes
727 1794 758 1850 et
788 1789 838 1850 sui
871 1788 1004 1852 heredes
1036 1788 1075 1852 de
1108 1794 1213 1852 cetero
1240 1789 1308 1871 ipsa
1336 1787 1422 1849 bona
1448 1787 1489 1849 ab
1513 1787 1610 1850 eadem

319 1879 454 1944 ecclesia
476 1883 605 1941 teneant
625 1883 657 1940 et
676 1877 869 1960 possideant,
891 1876 1161 1958 quemadmodum
1182 1877 1295 1940 eadem
1317 1897 1336 1940 a
1356 1877 1450 1939 nohis
1471 1877 1613 1940 hactenus

319 1975 499 2034 tenuerunt.
541 1967 690 2030 Preterea
717 1973 781 2029 tres
806 1985 934 2029 mansos
962 1986 1035 2030 cum
1057 1968 1124 2030 suis
1146 1966 1367 2050 pertinenciis,
1395 1985 1478 2048 quos
1504 1966 1613 2028 nobiles

319 2060 380 2122 viri
401 2056 567 2121 Conradus
594 2062 626 2121 et
646 2056 865 2119 Erkcnbertus
889 2057 1004 2119 fratres
1032 2057 1072 2120 de
1092 2057 1302 2120 Tannenrcde
1332 2057 1366 2118 in
1394 2057 1492 2120 feodo
1513 2065 1612 2120 tenue·

319 2153 395 2210 runt
418 2167 437 2208 a
464 2145 557 2208 nobis
582 2152 613 2208 et
642 2145 676 2207 in
700 2144 818 2226 quibus
839 2163 896 2227 per
916 2163 1119 2226 consequens
1140 2147 1303 2228 predictus
1324 2147 1486 2210 Iohannes
1507 2153 1551 2209 est
1572 2145 1614 2206 in·

319 2236 465 2300 feodatus
486 2235 525 2297 ab
547 2234 682 2314 eisdem,
707 2253 781 2296 cum
803 2235 891 2296 omni
912 2234 982 2296 iure
1006 2241 1113 2297 nostro
1135 2235 1315 2318 addicimus
1334 2234 1421 2316 (sic),
1447 2236 1613 2298 adiecimus

319 2334 351 2389 et
371 2326 644 2408 appropriavimus
665 2324 798 2388 ecclesie
819 2329 992 2406 prenotate.
1034 2324 1092 2388 Est
1111 2326 1212 2388 eciam
1234 2345 1319 2390 unus
1340 2343 1473 2388 mansus
1495 2323 1613 2386 villain
1688 2353 1689 2358 κ

317 2417 460 2499 predicta
487 2415 625 2477 attinens
650 2414 759 2476 inclite
786 2413 914 2476 domine
941 2411 1098 2476 abbatisse
1122 2413 1501 2497 Quethelingeburgensi‚
1524 2411 1615 2494 respi-

317 2507 405 2569 ciens
425 2525 483 2567 nos
505 2505 573 2567 iure
595 2505 814 2584 advocatorio,
844 2504 937 2566 cuins
969 2505 1072 2567 nransi
1098 2504 1149 2566 ius
1177 2505 1416 2568 advocator-ium
1444 2521 1517 2587 sepe
1539 2502 1616 2564 dicte

319 2595 453 2659 ecclesie
476 2595 622 2657 Por-tensi
644 2594 790 2657 similiter
811 2593 1065 2676 appropriamuS,
1092 2593 1191 2656 nichil
1212 2594 1306 2657 nobis
1328 2598 1358 2656 in
1382 2593 1531 2658 omnibus
1551 2609 1616 2675 pre-

318 2687 411 2748 dictis
452 2693 483 2747 et
518 2685 702 2767 prescriptis
738 2703 795 2746 seu
834 2685 951 2746 nostris
984 2683 1223 2760 successoribus
1255 2683 1513 2766 quibuscumque
1543 2682 1618 2744 iuris
1687 2729 1688 2752 ,

316 2775 472 2856 ¹qnitpiarn
499 2782 709 2837 reservantes.
750 2773 837 2836 Huic
858 2775 955 2856 igitur
983 2781 1090 2837 nostre
1112 2775 1365 2858 appropriacioui
1386 2775 1438 2856 pie
1460 2781 1491 2837 et
1512 2773 1570 2835 rite
1590 2781 1618 2831 et

316 2864 553 2928 racionabiliter
584 2883 641 2946 per
670 2883 729 2926 nos
761 2865 843 2926 lacte
870 2863 995 2926 nobiles
1021 2869 1053 2927 et
1078 2868 1223 2928 strennui
1253 2865 1310 2926 viri
1333 2864 1516 2946 subscripti,
1547 2879 1618 2925 cum

316 2957 421 3032 fieret,
452 2955 631 3030 siluerunt,
663 2953 813 3016 videlicet
839 2955 948 3035 Apecz
979 2959 1088 3016 noster
1118 2953 1207 3017 lihus
1233 2954 1382 3032 dilectus,
1409 2953 1619 3017 Theodericus

317 3063 424 3106 comes
446 3043 486 3105 de
507 3041 871 3122 Haynstcin,n1bertus
893 3041 932 3104 de
954 3041 1414 3118 Brandenbe1·c,llcrmannus
1435 3039 1621 3120 deHyrsiu·
1686 3049 1687 3108 t

317 3134 434 3196 derode
456 3133 607 3213 magister
627 3132 715 3194 curie
737 3137 854 3211 nostre,
874 3129 1347 3212 Ewerhardusdcllalsleiben,
1368 3131 1621 3212 Haynenraimus

317 3223 357 3286 de
380 3222 476 3304 Hayn
505 3221 678 3284 consiliarii
707 3227 739 3284 et
766 3221 880 3284 fideles
907 3222 1020 3300 nostri,
1054 3221 1263 3284 Hermannus
1295 3221 1334 3285 de
1365 3220 1489 3304 Lupina
1512 3225 1622 3283 noster

316 3312 417 3392 miles,
440 3311 630 3374 Wilhclmus
651 3310 690 3374 de
712 3311 876 3374 Wissenze
898 3317 930 3374 et
950 3309 1148 3374 Christianus
1163 3311 1202 3374 de
1215 3311 1318 3374 Gotha
1328 3311 1498 3394 scriptores
1511 3307 1622 3372 nostri.
1685 3365 1686 3392 ,

316 3402 435 3464 Actum
460 3405 492 3463 et
517 3400 626 3463 datum
651 3400 686 3462 in
712 3406 815 3464 castro
842 3407 951 3464 nostro
972 3399 1139 3464 Wartberc
1161 3419 1245 3462 anno
1264 3401 1500 3464 incarnacionis
1521 3398 1622 3462 domi-

316 3492 388 3554 nice
419 3491 588 3572 millesimo
622 3490 841 3554 ducentesimo
866 3490 1074 3573 nonogesimo
1103 3489 1196 3560 vlss⁰,
1227 3491 1262 3552 in
1296 3490 1348 3554 die
1380 3490 1463 3553 beati
1490 3485 1623 3570 Kyliani

316 3583 473 3662 martyris.

320 3805 351 3870 Τ
398 3727 418 3818 ¹·
438 3715 592 3888 anfflbier
615 3716 662 3780 bis
683 3735 757 3782 aum
777 3715 906 3798 chiaa
926 3715 982 3780 der
1003 3714 1127 3798 Zeapea
1150 3715 1247 3781 lactet
1266 3716 1323 3781 der
1345 3714 1423 3780 Teat
1444 3714 1480 3780 ia
1499 3711 1535 3780 D
1556 3711 1625 3778 und

346 3826 435 3882 ,wae
535 3825 546 3868 .·

315 3981 355 3991 -
377 3945 510 4008 ecclesie
532 3945 584 4030 pia
606 3947 774 4010 devotione
795 3946 989 4010 contulimus
1010 3947 1131 4029 prefate
1153 3945 1301 4010 Portensi
1321 3944 1455 4009 ecclesie
1476 3964 1514 4008 eo
1544 3945 1628 4020 inrc,
1683 3987 1684 4026 ,

318 4055 380 4117 quo
407 4036 447 4099 ad
479 4057 538 4101 nos
567 4039 721 4102 hactenus
746 4037 957 4122 pertinebant.
999 4037 1121 4100 Verum
1142 4037 1218 4118 quia
1238 4037 1307 4118 ipsa
1330 4035 1407 4098 ailla
1430 4035 1627 4118 Rogehusen
1683 4027 1684 4044 ¹

316 4128 431 4210 partita
450 4129 525 4209 fuit,
550 4131 642 4192 cuius
671 4129 777 4192 modia
804 4149 878 4212 pars
899 4127 1088 4192 Bertoldum
1114 4126 1247 4190 mihtem
1267 4145 1363 4210 supra
1384 4126 1523 4204 dictum,
1553 4125 1628 4188 reli·

318 4238 381 4301 qua
401 4218 576 4282 Iohannem
599 4219 784 4283 fratruelem
807 4221 877 4283 eius
898 4218 1116 4302 contingebat,
1137 4237 1177 4282 ne
1201 4219 1279 4300 quid
1301 4219 1341 4281 de
1361 4216 1630 4299 contingentibus

317 4310 484 4372 obmittere
507 4311 706 4390 videremur,
733 4329 770 4374 eo
801 4311 885 4392 quod
913 4311 1106 4376 Portensem·
1128 4309 1295 4373 ecclesiam
1318 4307 1447 4391 speciali
1468 4308 1578 4390 matie
1600 4314 1630 4368 ct

315 4399 424 4462 lavore
447 4419 572 4483 semper
592 4399 760 4480 coluimus,
781 4402 932 4464 universa
952 4400 1037 4463 bona
1057 4401 1208 4462 Iohannis
1231 4399 1376 4483 predicti,
1398 4417 1460 4479 quc
1476 4399 1633 4462 similiter

317 4489 448 4552 anobis
470 4490 638 4553 feodaliter
659 4492 775 4572 tenuit,
796 4511 870 4554 cum
892 4493 959 4555 suis
979 4491 1181 4574 pertinentiis
1202 4491 1298 4553 etiam
1320 4488 1467 4553 Portensi
1486 4489 1632 4552 cenobio

316 4580 519 4663 contulimus,
540 4581 573 4643 in
596 4581 713 4663 quihus
738 4580 831 4646 bonis
851 4582 966 4646 inclusi
990 4588 1064 4645 sunt
1085 4587 1149 4644 tres
1170 4582 1283 4660 mansi,
1305 4597 1387 4661 quos
1408 4578 1537 4644 nobles
1562 4581 1633 4658 viri,
1681 4591 1682 4616 l
