3506 5148
346 413 398 476 488
726 413 957 474 Urlrundeubuoh
975 417 1024 474 des
1041 415 1167 524 chsters
1187 413 1289 474 Piorte.

345 574 559 636 thesaurarius
588 577 756 656 totumque
787 573 924 655 predicte
957 571 1209 656 Mersburgensis
1241 571 1372 636 ecclesie
1405 568 1574 654 capitulum
1601 565 1633 632 ad

344 663 587 748 exprimendum
614 670 757 727 nostrum
786 682 977 727 consensum
1002 663 1165 747 premissis
1186 661 1336 726 omnibus
1357 661 1527 725 liberaliter
1547 677 1635 723 acces·

345 756 423 818 sisse
445 753 583 836 sigillum
606 755 704 816 nostri
726 753 854 836 capituli
876 755 970 817 etiam
994 753 1126 836 appendi
1149 752 1283 815 lecimus
1304 753 1379 815 huic
1400 753 1522 835 scripto.

415 888 496 972 ‘que
513 889 585 942 rach
601 892 698 958 utpote
760 877 773 914 ¹³
792 886 870 956 piata
932 887 942 914 ⁰
960 886 1123 940 enucleatur
1141 885 1217 940 buna
1234 903 1290 939 nur
1308 885 1548 952 ulaScbrarbsehler
1562 885 1637 952 peltes

877 1083 1126 1092 ..--.-----

344 1153 453 1238 1327.
481 1150 567 1234 Mal
584 1151 649 1234 26.
1554 1147 1639 1231 bau.

424 1289 592 1353 Hermann
621 1289 714 1370 Graf
739 1307 798 1352 verr
821 1287 970 1352 Gleichera
997 1287 1098 1368 eiprret
1123 1288 1191 1352 dem
1220 1286 1342 1351 dieder
1364 1286 1472 1367 Pscrte
1497 1286 1563 1349 eine
1581 1285 1639 1348 itm

383 1400 442 1444 uon
463 1381 532 1443 drer'
553 1379 705 1458 Erfurter
727 1378 877 1457 Brirperrr
897 1378 1117 1460 auspelcssene
1137 1378 1229 1459 Huse
1248 1377 1284 1440 in
1309 1375 1460 1441 Tottleben
1477 1395 1528 1440 au.

493 1505 626 1560 Hdaclac:
649 1495 761 1560 Trrel’.
789 1505 818 1559 D
831 1509 868 1560 87
886 1504 940 1574 (tit.
952 1505 1050 1574 Extra)
1070 1507 1119 1561 mit
1137 1503 1312 1573 Krirzmrpen.

495 1599 607 1654 Druck:
626 1599 764 1654 Deutsclr:
787 1599 872 1666 Wolff
888 1598 930 1664 II,
948 1603 1008 1653 428.

423 1722 461 1786 In
485 1725 614 1787 nomine
635 1724 764 1786 domini.
796 1724 912 1786 Amen.
953 1721 1020 1786 Nos
1047 1722 1253 1786 Hermannus
1277 1722 1326 1786 dei
1352 1722 1459 1804 grecia
1484 1737 1586 1782 comes
1606 1719 1642 1780 de

345 1813 477 1875 Glichen
509 1815 766 1896 recognoscimus
797 1819 829 1876 et
858 1813 916 1876 hoc
945 1814 1061 1896 scripto
1090 1821 1154 1876 tatu
1182 1811 1382 1895 presentibus
1409 1829 1506 1894 quam
1532 1809 1643 1872 futuris

346 1901 462 1966 Christi
484 1902 631 1966 fidelibus
653 1905 801 1986 cupimus
823 1903 984 1981 intimare,
1011 1902 1094 1985 quod
1124 1901 1162 1966 ad
1191 1902 1239 1964 dei
1270 1902 1495 1984 omnipotentis
1515 1901 1643 1981 eiusque

344 1991 480 2074 gloriose
509 1994 677 2073 genetricis
708 1993 858 2056 honorem
889 2011 949 2054 nec
979 2011 1042 2054 non
1075 1991 1113 2054 ad
1145 1993 1289 2055 dcvomm
1324 1991 1511 2054 instanciam
1543 1989 1644 2052 dilecti

344 2082 437 2146 nobis
468 2081 646 2146 (iothscalci
672 2081 850 2164 llerlingeri
881 2084 960 2146 civis
989 2081 1189 2145 Erfurdensis
1218 2082 1375 2157 dedimus,
1403 2081 1591 2144 donavimus
1616 2085 1646 2140 et

344 2173 533 2235 tradidimus
560 2191 596 2233 ac
625 2172 825 2254 presentibus
855 2172 982 2249 damus,
1010 2173 1167 2234 donamus
1185 2178 1216 2234 et
1236 2171 1391 2234 tradimus
1412 2168 1646 2233 honorabilibus

345 2269 376 2326 et
403 2262 557 2343 religiosis
584 2263 661 2324 viris
689 2262 817 2326 domino
839 2261 953 2337 abbati,
975 2262 1145 2324 conventui
1167 2268 1198 2324 et
1219 2261 1409 2324 monasterio
1431 2259 1573 2322 Portensi
1596 2260 1647 2320 ius

343 2354 541 2435 proprietatis
562 2357 593 2415 et
614 2351 701 2416 utilis
723 2371 759 2414 ac
780 2352 889 2416 directi
911 2352 1044 2415 dominii
1066 2353 1164 2415 unius
1186 2352 1289 2416 mansi
1311 2353 1362 2416 siti
1384 2353 1418 2414 in
1440 2351 1559 2432 campis
1576 2350 1647 2412 ville

342 2440 582 2521 Totlreleyben²,
605 2459 700 2523 quem
722 2442 845 2524 providi
866 2443 924 2504 riri
946 2441 1156 2504 Theodericus
1177 2449 1209 2505 et
1222 2441 1421 2524 Segehardus
1443 2440 1517 2504 dicti
1530 2439 1647 2502 Hoth'r·

344 2532 474 2594 mannib
494 2537 526 2594 et
545 2529 641 2612 Hugo
663 2531 765 2594 dictus
787 2530 889 2614 lunge
910 2533 996 2596 cirea
1015 2530 1220 2595 llrtordeuses
1241 2552 1259 2594 a
1281 2531 1372 2594 uobis
1392 2532 1424 2593 in
1446 2529 1536 2594 feodo
1558 2538 1648 2593 tenu-

343 2627 438 2683 erunt
459 2627 489 2684 et
510 2620 547 2682 ad
570 2627 695 2682 nostras
717 2639 832 2683 manus
853 2622 920 2684 suis
935 2622 1046 2684 litteris
1063 2620 1161 2684 libere
1176 2623 1386 2703 resignarunt.
1417 2619 1649 2684 Transferimus

343 2712 442 2773 eciam
468 2730 541 2772 cunr
572 2709 709 2792 predicto
736 2729 846 2772 manso
874 2712 1024 2773 universa
1052 2718 1083 2774 et
1110 2711 1234 2792 singula
1261 2712 1300 2774 ad
1322 2712 1427 2793 ipsum
1447 2711 1650 2792 pertinencia,

344 2819 536 2883 quocunque
564 2801 694 2862 nomine
721 2818 776 2862 seu
804 2800 957 2864 vocabulo
988 2809 1226 2884 nuncupentur,
1256 2801 1334 2864 nihil
1358 2803 1439 2864 iuris
1467 2799 1561 2864 nubis
1583 2802 1649 2862 sire

344 2892 461 2954 nostris
487 2889 727 2953 successoribus
753 2910 809 2953 seu
838 2891 1008 2954 heredibus
1032 2893 1064 2954 in
1090 2893 1168 2974 ipsis
1197 2892 1261 2954 vel⁰
1289 2909 1399 2954 eorum
1422 2890 1528 2972 aliquo
1550 2909 1648 2952 reser-

245 3023 247 3030 -
345 2987 464 3044 ventes.
495 2979 535 3042 Et
557 2987 593 3042 ut
613 2981 669 3042 hec
692 2987 800 3042 nostra
821 2980 952 3043 donacio
975 2983 1041 3043 sive
1063 2983 1259 3063 proprietatis
1278 2980 1406 3044 collacio
1422 2980 1515 3044 fidem
1537 2979 1650 3042 habeat

344 3070 543 3154 ampliorem,
567 3074 743 3151 presentem
770 3069 903 3132 litteram
932 3069 1005 3132 inde
1026 3070 1198 3134 confectam
1220 3072 1319 3134 nostri
1341 3069 1435 3151 sigilli
1456 3072 1651 3152 appensione

344 3161 478 3222 lecimus
499 3160 653 3240 insigniri.
694 3158 812 3222 Datum
834 3179 918 3222 anno
939 3161 1060 3224 domini
1080 3161 1328 3240 MOOCXXVIF,
1354 3161 1388 3222 in
1407 3161 1546 3222 crastino
1571 3159 1650 3222 beati

344 3249 466 3312 Vrbaui
483 3247 681 3312 confessoris.

413 3382 569 3438 ³tbtlcibin
590 3383 618 3437 D
689 3373 919 3438 ''hochermanni
941 3385 966 3437 T
1032 3385 1089 3438 ciu
1109 3385 1327 3454 hirracpaefaiptl'
1394 3374 1494 3439 “1327
1518 3383 1545 3437 T

864 3581 1114 3592 ——u—-n—

344 3647 450 3730 1327.
479 3648 642 3744 August
654 3646 715 3728 27.
1561 3647 1652 3733 531.

422 3789 485 3854 Die
505 3791 635 3854 Brr'r'der
659 3791 735 3867 ouo,
758 3791 867 3855 Aibat
886 3793 956 3855 arrd
968 3792 1153 3858 Hartmurm
1175 3795 1382 3876 Burpprafea
1403 3793 1654 3870 mnKrrcbbery

383 3883 491 3962 elpnen
514 3882 571 3944 mit
592 3881 812 3962 Zustr'mmurrp
839 3882 925 3946 ihrer
944 3883 1047 3948 Erben
1069 3886 1151 3948 uach
1172 3884 1378 3965 Reapnction
1399 3882 1560 3951 Dietriclts
1580 3881 1655 3945 rand

381 3972 450 4035 Ber·
450 3971 529 4035 tclds
545 3971 719 4034 Vitatbume
739 3991 797 4034 von
809 3972 936 4052 Apoldc
956 3975 1025 4037 und
1044 3995 1139 4056 pepen
1161 3977 1229 4039 eine
1240 3975 1388 4055 Zoilunp
1407 3995 1468 4038 aun
1492 3971 1655 4038 aemorr-

381 4063 450 4124 dem
477 4060 604 4124 Kloster
631 4060 738 4141 Psorte
768 4062 819 4124 dae
848 4062 945 4126 r'hnea
972 4064 1180 4129 austehenden
1204 4065 1273 4128 drer'
1302 4063 1415 4128 Vr'ertel
1445 4065 1500 4127 des
1529 4061 1656 4140 Dorses

382 4151 640 4216 Saeltsenhcusen
660 4170 710 4216 aar.
759 4151 825 4232 Vpl.
848 4151 906 4216 Nr.
922 4155 1106 4219 eea-535.

492 4277 626 4333 Heloria:
647 4268 761 4332 T269l’,
789 4278 863 4333 Dee
881 4280 933 4346 (rit.
953 4279 1170 4349 Sachsinhusen)
1189 4282 1238 4336 mit
1254 4281 1459 4336 uuerheblr'clrea
1469 4279 1652 4346 remmom.

491 4369 604 4424 Druck:
621 4369 757 4424 Bartsch.-
780 4369 865 4439 Wolff
878 4371 918 4438 H,
937 4375 996 4430 420.

421 4494 459 4558 In
484 4496 612 4558 nomine
639 4495 769 4559 domini.
807 4497 919 4561 Amen.
966 4498 1033 4562 Nos
1055 4496 1142 4578 Otto,
1170 4497 1321 4562 Albanus
1347 4502 1380 4560 et
1406 4497 1652 4560 Hartmanuus²

340 4584 452 4648 fratres
478 4585 527 4647 dei
554 4586 655 4668 gratia
676 4585 837 4669 burgravii
860 4588 898 4649 de
921 4587 1097 4672 Kirchberg
1125 4591 1380 4671 recognoscimus
1408 4595 1439 4651 ct
1466 4605 1518 4672 per
1541 4582 1653 4646 huius
