3402 5152
326 360 379 422 856
477 329 478 334 ¹
695 355 927 420 Urkundenbu'ch
945 356 994 421 dea
1011 355 1139 421 Klosters
1158 356 1260 422 Pforte.

348 523 350 528 '
406 515 473 580 Nos
505 513 577 578 Otto
609 513 660 578 del
689 518 791 598 matio
824 518 1031 602 burcgravius
1067 518 1106 582 de
1133 516 1311 602 Kirehberg
1340 517 1491 584 omnibus
1517 516 1607 584 Christi

327 607 475 675 fidelibus
495 608 529 670 in
549 615 749 691 perpetuum.
793 603 875 682 Quia
895 627 961 672 non,
984 609 1089 672 solum
1114 611 1277 674 materiam
1299 613 1405 674 litium
1429 613 1531 694 apices
1548 612 1607 674 litte

327 718 435 764 rarum
456 705 625 782 precaveat
645 705 676 761 et
697 695 880 779 excludunt,
901 717 1012 762 verum
1027 701 1122 762 etiam
1137 719 1188 786 res
1203 709 1307 782 gestas
1318 711 1350 764 et
1360 703 1512 765 memorie
1521 703 1608 786 dignas

325 797 512 874 perpetuant
536 797 567 851 et
594 798 795 870 conservant,
825 790 899 851 hinc
923 796 986 867 est,
1015 791 1100 872 quod
1122 791 1160 853 ad
1182 793 1331 856 noticiam
1352 799 1417 854 tam
1438 797 1608 876 presentium

326 901 423 963 quam
447 880 628 942 futurorum
650 887 758 944 tenore
779 882 972 963 presentium
995 883 1142 964 cupimus
1164 883 1343 964 pervenire,
1371 885 1457 965 quod
1477 881 1608 946 Rudolfus

325 973 483 1054 pincerna,
503 968 605 1032 fidelis
625 979 739 1050 noster,
760 973 863 1034 dictus
885 969 1141 1054 delleuernberg
1162 992 1218 1036 sex
1240 979 1369 1037 mansos
1390 973 1608 1038 inSaxinlrusin

325 1061 483 1125 solventes
512 1061 677 1124 annuatim
700 1062 778 1125 duas
810 1080 930 1124 marcas
951 1061 1072 1144 argenti
1094 1071 1125 1125 et
1146 1081 1203 1126 sex
1224 1063 1345 1126 maldra
1364 1062 1529 1146 frumenti,
1554 1067 1609 1126 item

325 1171 474 1215 mansum
501 1157 533 1213 et
558 1151 726 1214 dimidium
752 1151 945 1232 infeudatos,
971 1150 1089 1234 quibus
1117 1151 1267 1216 omnibus
1287 1153 1470 1222 infeudatus
1491 1153 1610 1218 fuerata

324 1243 427 1322 nobis,
447 1241 655 1306 commutavit
675 1242 758 1324 apud
781 1241 945 1304 dominum
965 1231 1113 1306 abbatem
1135 1241 1278 1305 dePorta
1298 1261 1355 1325 pro
1376 1243 1611 1308 duobusmansis

325 1339 360 1398 in
382 1333 563 1397 Prascbitz⁸
590 1333 677 1411 sitis,
705 1349 801 1415 quam
830 1332 1114 1394 commutacionem
1136 1331 1221 1395 idem
1241 1331 1400 1396 Rudolfus
1416 1333 1455 1396 de
1475 1353 1613 1398 consensu

325 1423 519 1490 honorabilis
539 1423 683 1502 coniugis
705 1440 763 1484 sne
786 1419 870 1484 lutte
890 1421 972 1501 fecit,
993 1439 1030 1484 co
1052 1423 1137 1504 quod
1158 1423 1227 1508 ipsa
1252 1422 1337 1486 Iutta
1358 1423 1443 1488 bona
1462 1427 1613 1508 prescripta

325 1519 360 1580 in
386 1514 576 1579 Saxnhusen
609 1512 647 1574 de
677 1531 776 1575 manu
804 1517 911 1575 nostra
938 1511 1009 1575 iure
1035 1513 1173 1576 dotalicii
1199 1516 1398 1597 suscepisset
1440 1513 1614 1581 concambio

325 1609 422 1691 igitur
448 1607 531 1667 inter
550 1601 724 1666 Rudolfum
751 1609 781 1668 et
808 1601 953 1666 abbatem
982 1605 1170 1687 prescriptos
1190 1605 1418 1669 rationabiliter
1438 1606 1543 1670 habito
1562 1609 1614 1689 ipse

326 1696 482 1762 Rudolfus
504 1713 578 1758 cum
600 1713 660 1756 sua
680 1695 813 1775 coniuge
834 1693 874 1755 ad
892 1699 1032 1756 nostram
1054 1695 1243 1777 presentiam
1269 1697 1432 1759 venientes
1453 1697 1616 1778 rogabant

326 1798 362 1852 ut
382 1787 502 1851 factum
523 1783 677 1847 ratificare
699 1791 729 1846 et
750 1783 833 1848 bona
853 1785 884 1845 in
898 1783 1099 1847 Saxinbusen
1112 1786 1145 1846 in
1159 1786 1316 1849 dicionem
1329 1786 1460 1850 ecclesie
1471 1778 1615 1850 Foriensis

324 1877 559 1954 transfundere,
588 1874 809 1957 proprietatem
839 1891 913 1937 vero
946 1875 1099 1937 bonorum
1129 1893 1221 1940 versa
1251 1876 1320 1938 vice
1348 1877 1383 1938 in
1408 1875 1616 1940 Pressuras

325 1969 454 2031 domino
467 1964 580 2028 abbate
593 1969 756 2047 acceptam.
766 1963 880 2027 habere
895 1965 1107 2047 dignaremur.
1127 1965 1157 2028 N
1159 1985 1194 2028 os
1209 1967 1307 2049 igitur
1317 1967 1453 2032 utilitate
1464 1967 1616 2050 utrobique
1677 1982 1678 1987 ¹

325 2058 522 2122 considerata
550 2059 760 2137 neutramque
788 2057 961 2138 partemin
984 2054 1071 2118 nullo
1093 2054 1324 2136 defraudatam,
1351 2075 1463 2120 eorum
1483 2058 1616 2140 precibus

325 2151 467 2212 faventes
482 2145 566 2208 bona
580 2146 615 2206 in
625 2143 844 2208 Saxensbusin
862 2163 936 2207 cum
954 2146 1034 2208 areis
1051 2164 1088 2207 ac
1101 2145 1251 2209 omnibus
1267 2146 1337 2210 aliis
1348 2149 1417 2210 suis
1428 2149 1616 2230 pertinenciis

324 2259 397 2302 cum
414 2238 502 2302 omni
519 2237 596 2316 iure,
611 2234 755 2316 utilitate,
770 2235 910 2298 dominio
925 2253 962 2297 ac
977 2236 1099 2314 iuditio,
1116 2237 1209 2300 sicuti
1225 2255 1284 2300 nos
1296 2237 1449 2301 hactenus
1461 2237 1616 2302 habuimus

324 2336 355 2395 et
381 2331 451 2414 ipse
470 2327 628 2391 Rudolfus
650 2327 698 2388 bis
719 2325 923 2389 infeudatus‘¹
944 2345 962 2386 a
982 2325 1075 2391 nobis
1095 2326 1221 2406 babuit,
1248 2328 1287 2390 de
1308 2346 1467 2392 consensu
1488 2331 1616 2392 omnium

325 2421 478 2486 heredum
500 2425 680 2482 nostrorum
698 2417 836 2499 presenti
850 2417 965 2499 scripto
982 2417 1173 2480 conferimus
1188 2425 1219 2480 et
1234 2418 1475 2502 appropriamus
1487 2417 1617 2482 Portensi

325 2512 455 2576 ecclesie
465 2514 614 2593 perpetuo
626 2506 821 2591 possidenda.
843 2505 903 2570 Sed
917 2509 992 2590 quia
1004 2506 1086 2570 bona
1095 2507 1340 2572 inSaxinbuscn
1353 2509 1620 2592 inconparabiliter

326 2604 418 2668 bonis
437 2603 471 2664 in
485 2599 646 2664 Prascbitz
667 2604 743 2660 sunt
763 2595 901 2678 meliora,
919 2599 1068 2661 dominus
1089 2597 1186 2660 abbas
1196 2595 1331 2660 Rudolfo
1346 2597 1455 2662 decem
1472 2607 1503 2662 et
1512 2607 1617 2682 septem

249 2735 254 2740 -
325 2711 447 2760 marcas
468 2688 691 2774 superaddidit,
713 2688 830 2772 quibus
853 2687 935 2751 bona
954 2688 1016 2751 alia
1037 2689 1230 2770 conparavit,
1251 2706 1314 2771 que
1335 2691 1441 2751 omnia
1458 2689 1620 2772 suscepita

324 2784 417 2850 nobis
443 2781 611 2846 feudaliter
637 2779 833 2863 possidenda.
875 2778 919 2841 Ut
938 2780 1035 2862 igitur
1056 2787 1146 2842 tenor
1166 2779 1263 2842 huius
1284 2778 1462 2842 concambii
1483 2781 1575 2844 simm
1595 2786 1621 2838 et

325 2881 432 2940 nostre
463 2872 642 2936 donationis
673 2868 898 2933 inviolabiliter
926 2876 1119 2951 perseveret,
1145 2875 1323 2953 presentem
1352 2871 1501 2952 paginam
1528 2868 1622 2952 sigillo

325 2972 432 3030 nostro
454 2964 588 3026 fecimus
609 2961 759 3024 roborari.
800 2959 906 3024 Testes
927 2965 1003 3022 sunt
1024 2958 1096 3023 Otto
1118 2959 1157 3022 de
1177 2959 1352 3043 Bergouwe
1373 2963 1623 3044 consanguineus

324 3063 444 3136 noster,
474 3051 631 3116 Rudolfus
656 3049 758 3114 fidelis
779 3055 894 3130 noster,
913 3052 1064 3134 pincerna
1085 3049 1123 3113 de
1143 3049 1335 3134 Tutenberg,
1359 3049 1569 3115 Theodericus
1589 3049 1623 3110 de

324 3147 491 3224 Inbecilla,
512 3141 642 3218 Wicelo,
661 3139 873 3204 Heidenricus
895 3139 1137 3204 deHeinichen⁰
1157 3141 1273 3205 milites
1293 3149 1432 3225 atquem
1447 3142 1552 3225 plures
1565 3137 1623 3202 alii

326 3236 445 3301 Datum
466 3253 551 3298 anno
573 3232 693 3296 domini
713 3239 895 3348 M⁰GOC¹⁰H,
915 3241 986 3295 ΙΠΙο
1005 3251 1105 3296 nonas
1126 3229 1328 3315 Septembris.

396 3360 567 3434 aproschicz
592 3359 622 3413 D
692 3348 837 3412 bveniens
855 3357 973 3428 rogabat
997 3357 1023 3410 T
1043 3347 1116 3413 266¹¹
1188 3357 1356 3429 ⁶p0rs0hitz
1384 3350 1501 3414 T266¹’
1570 3347 1624 3407 dcl

325 3444 498 3512 biaaapefatpt
519 3430 630 3495 Tliddb
702 3439 829 3510 flutego
848 3441 924 3508 (atott
943 3437 1059 3509 Wieelo)
1077 3445 1105 3493 et
1116 3438 1303 3494 Heidenricns
1321 3438 1517 3495 deflenechen
1528 3425 1625 3492 1¹26&b

324 3611 439 3696 1302.
466 3607 707 3693 November
721 3607 779 3687 14.
1293 3623 1300 3673 ῑ
1531 3605 1627 3688 368.

404 3747 521 3812 Bracae
541 3746 680 3827 Biscbof
694 3763 753 3809 voa
774 3741 966 3825 Naumburp.
985 3743 1161 3825 decoquat
1181 3751 1273 3810 auter
1289 3742 1509 3826 Zaastirrmunp
1526 3743 1628 3806 saints

363 3837 580 3919 Domltapitels
608 3835 689 3899 acolt
722 3834 928 3915 Resipuatiou
959 3835 1015 3898 cler
1045 3835 1219 3917 bisbcripcrt
1246 3835 1382 3902 Irtbcber
1413 3835 1482 3900 dean
1506 3833 1632 3898 Klostcr

365 3929 473 4010 Psbrte
490 3927 633 4011 folpendc
650 3925 864 4006 Besitauopca
886 3927 918 3988 iu
943 3925 1088 3991 Grdbila:
1113 3927 1164 3989 eiu
1185 3925 1296 4002 Alled,
1328 3925 1461 4009 petuuft
1479 3943 1533 3989 aua
1561 3921 1631 3986 otto

363 4040 422 4083 oon
449 4019 589 4096 (laubiis,
618 4022 679 4098 Ill,
702 4015 815 4097 Hasce
840 4015 933 4095 despl.
956 4035 1016 4080 eoa
1039 4015 1210 4094 Obristiuc,
1237 4017 1292 4080 der
1315 4015 1437 4081 Wittwe
1459 4011 1634 4080 Heinricbs

363 4130 423 4174 voa
443 4109 612 4186 Betsbowe,
636 4111 659 4174 2
680 4107 793 4188 Hufcn
813 4105 908 4187 despl.
930 4126 988 4170 eon
1009 4107 1078 4169 dem
1099 4107 1202 4172 Solane
1222 4105 1379 4188 Herttoips
1398 4127 1457 4172 von
1477 4101 1631 4176 Holcieck,

362 4221 430 4282 peu.
446 4199 661 4274 Weidcmoua,
683 4199 752 4260 aad
772 4195 926 4260 Heinricb
947 4216 1006 4259 eon
1025 4195 1127 4274 Vesta,
1149 4195 1270 4279 1Hufc
1289 4195 1382 4278 desei.
1403 4217 1462 4261 von
1483 4193 1635 4261 ceroma

362 4311 421 4355 eoo
443 4291 622 4371 Scbdrtberp.
672 4287 736 4368 Vpl.
760 4286 820 4350 Nr.
836 4291 906 4350 371.
919 4291 995 4352 372.
1198 4305 1201 4314 “

473 4409 610 4464 fiducita:
632 4407 676 4461 Or.
686 4406 761 4474 Pcrp.
785 4404 859 4474 asp.
878 4423 916 4457 aar
933 4405 1223 4474 satietatis-accrescat
1240 4406 1363 4462 seidenen
1378 4405 1513 4462 &barim
1530 4404 1566 4469 1)
1586 4399 1637 4453 da

522 4489 662 4555 Biscloss,
686 4493 735 4555 put
760 4485 896 4550 erlmltert,
925 4489 954 4552 2)
974 4486 1018 4540 des
1036 4485 1176 4556 Kapitela,
1203 4503 1264 4543 actm
1280 4503 1389 4558 paoem
1410 4487 1483 4541 Tacit
1504 4485 1635 4538 aarum

523 4567 685 4636 Naumburp
703 4565 740 4620 I).
751 4567 786 4620 A.
806 4565 859 4619 Nr.
870 4569 929 4620 171.
949 4595 982 4606 -
1001 4557 1100 4623 Ddob.
