3410 5146
315 413 364 466 loo
684 411 914 468 Urlruadenbuch
932 411 980 467 des
998 411 1125 468 Klosters
1142 411 1244 470 Pfortc.

312 563 457 626 fidelium
479 569 543 625 tam
565 563 760 645 presentium
784 581 880 644 quam
893 565 1075 627 futurorum
1091 564 1403 644 constarevolumus
1425 565 1600 646 quodcum

313 653 396 716 inter
415 654 530 716 fratres
551 653 722 716 Fortenses
745 658 777 716 et
794 651 999 735 Rudcgerum
1025 654 1157 717 militem
1179 654 1218 716 de
1240 653 1343 718 bosna
1365 674 1461 738 super
1481 655 1601 738 piscaria

313 743 347 804 in
368 742 479 824 Luppa
500 742 600 804 fluvio
622 747 654 806 ct
673 742 840 826 Morluppa
861 749 893 807 et
915 744 995 817 lacu,
1016 745 1072 825 qul
1087 744 1274 807 Pustenizze
1296 744 1421 820 dicitur,
1444 743 1499 807 diu
1521 761 1602 806 causa

315 837 438 895 versata
469 833 596 910 fuisset,
627 833 755 896 tandem
792 833 936 915 partibus
974 835 1007 896 in
1039 833 1205 916 sollempni
1238 834 1360 914 synodo
1392 839 1500 896 nostra
1532 832 1602 915 apud

313 921 502 1004 Merseburg
524 923 780 1005 comparentibus
802 928 834 985 ct
852 943 948 1006 super
958 924 1069 986 eadem
1085 943 1181 986 causa
1195 941 1302 1004 eorem
1317 923 1410 986 nobis
1419 922 1605 1004 litigantibus

314 1031 372 1074 nos
403 1012 533 1086 auditis
566 1031 630 1092 que
656 1012 732 1075 hinc
761 1012 837 1075 inde
867 1013 1139 1097 proponebantur,
1167 1017 1199 1076 ct
1224 1011 1393 1090 diligenter
1418 1013 1604 1088 examinatis,

315 1101 391 1180 quid
414 1101 591 1184 superbiis
611 1102 737 1164 iusticia
755 1101 896 1180 dictaret,
916 1121 935 1164 a
952 1102 1138 1165 Hermanno
1160 1101 1199 1165 de
1220 1101 1361 1165 Cathena
1382 1102 1605 1184 requisivimus,

315 1190 371 1271 qui
399 1189 438 1253 de
464 1189 656 1273 prudentum
684 1192 826 1253 vironrm
852 1197 916 1254 tarn
945 1191 1133 1255 clericorum
1166 1209 1262 1272 quam
1282 1191 1449 1266 laicorum,
1471 1192 1526 1272 qui
1548 1209 1606 1274 pm-
1688 1240 1689 1247 ,

314 1285 420 1344 sentes
446 1285 551 1356 eraut,
582 1280 714 1343 consilio
743 1281 837 1343 talem
863 1280 951 1344 dedit
974 1281 1176 1352 sententiam,
1205 1281 1291 1362 quod
1312 1281 1427 1343 iratres
1448 1279 1607 1344 Portenses

314 1369 445 1432 liberam
478 1369 615 1432 habeant
646 1375 831 1452 potestatem
870 1379 902 1434 et
931 1371 982 1434 ius
1011 1371 1190 1453 plenarium
1227 1371 1295 1434 sine
1327 1369 1463 1433 alicuius
1493 1377 1607 1433 contra·

315 1459 453 1522 dictione
480 1460 514 1521 in
539 1460 690 1542 predictis
717 1462 809 1542 aquis
834 1481 961 1524 sursum
986 1465 1017 1523 et
1043 1460 1208 1537 deorsum,
1229 1459 1425 1541 ubicumque
1451 1460 1609 1534 voluerint,

315 1549 459 1631 piscandi
490 1553 521 1612 et
551 1550 631 1611 retia
662 1569 719 1612 sua
747 1551 779 1612 in
812 1550 931 1627 littore,
965 1550 1049 1630 quod
1077 1569 1169 1631 agros
1191 1555 1223 1612 et
1243 1551 1460 1632 possessiones
1476 1551 1606 1633 ipsorum

316 1638 515 1716 determinat,
536 1640 605 1702 iure
629 1641 829 1722 proprietatis
846 1661 918 1704 cunr
942 1639 1083 1722 piscibus
1095 1639 1283 1723 applicandi.
1314 1638 1606 1715 Qnamsententinn

315 1729 397 1791 iuste
424 1729 455 1792 'et
475 1728 615 1810 legitime
640 1729 795 1812 prolatam
818 1749 877 1793 nos
897 1749 954 1813 pro
977 1728 1083 1793 debito
1111 1729 1209 1791 officii
1236 1730 1336 1792 nostri
1362 1729 1536 1812 pontificali
1562 1748 1609 1790 aar·

315 1818 459 1880 ctoritate
474 1837 531 1901 per
549 1837 717 1881 censuram
739 1817 986 1900 ecclesiasticam
1008 1820 1040 1881 in
1062 1818 1174 1882 eadem
1196 1818 1319 1898 synodo
1342 1818 1609 1882 corroboravimus

316 1912 348 1970 et
368 1906 611 1970 corroboramus
632 1909 815 1972 firmissime
837 1910 1056 1992 precipientes,
1078 1914 1115 1970 ut
1135 1908 1224 1971 nulla
1241 1909 1274 1970 in
1300 1913 1463 1991 posterum
1485 1927 1611 1991 persona
1689 1929 1690 1944 ¹

317 1996 391 2058 huic
418 1997 576 2077 sententie
602 2003 764 2081 presumat
788 2019 868 2061 ausu
897 1999 1065 2062 temerario
1092 1999 1258 2060 contraire.
1300 1997 1341 2060 Et
1361 2003 1397 2060 ut
1418 1999 1477 2062 hec
1498 2005 1564 2060 rata
1583 1998 1609 2058 in
1688 2053 1689 2056 ,

316 2091 503 2168 perpetuum
538 2092 569 2150 et
598 2088 788 2151 inconvulsa
819 2095 1039 2172 permaneant.
1077 2088 1210 2151 eandem
1243 2089 1433 2151 sententiam
1464 2088 1613 2170 presentis

317 2176 424 2258 scripti
446 2176 620 2258 patrocinio
643 2177 904 2242 confirmavimus
930 2183 962 2240 et
987 2177 1083 2258 sigilli
1109 2179 1209 2240 nostri
1230 2177 1438 2260 impressione
1459 2177 1613 2240 roborari-

317 2283 389 2327 mus
416 2263 592 2327 subnotatis
618 2265 743 2329 idoneis
769 2267 916 2337 testibus,
938 2287 1074 2348 quorum
1096 2268 1225 2329 nomina
1247 2271 1322 2329 sunt
1342 2267 1416 2329 bec:
1450 2265 1614 2330 Heinricus

1690 2107 1692 2148 l

319 2355 499 2437 prepositus
519 2356 648 2418 maioris
670 2356 806 2437 ecclesie
826 2358 859 2418 in
880 2356 1077 2438 Merseburg,
1098 2355 1302 2419 Diethmarus
1323 2356 1472 2430 decanus,
1493 2355 1615 2419 Heinri·

317 2463 375 2508 cus
406 2446 612 2522 camerarius,
643 2445 816 2510 Heinricus
848 2453 968 2526 custos,
1007 2446 1162 2509 Ernestus
1193 2447 1390 2523 scolasticus,
1421 2445 1616 2511 Wiohardus.

318 2533 489 2598 Heinricus
507 2535 546 2598 de
568 2535 752 2617 Ohanburg,
775 2535 1008 2614 Fridehelmus,
1029 2535 1187 2598 Rudolfus
1208 2535 1247 2598 de
1269 2535 1472 2610 Uallinbain,
1494 2533 1616 2598 Heinri-

318 2643 375 2686 cus
397 2623 436 2687 de
464 2624 633 2706 Indagine‚
658 2625 844 2708 Norpertus,
866 2626 1037 2689 Heinricus
1059 2625 1098 2688 de
1120 2623 1273 2695 Mllchele.
1294 2624 1481 2699 Richardus,
1502 2625 1617 2693 Bruno,

318 2713 550 2792 HartmannuS,
578 2713 744 2777 Cbnradus
769 2713 928 2796 Kyseling
957 2715 1102 2777 canonici
1129 2713 1258 2776 maioris
1280 2715 1417 2794 ecclesie
1444 2714 1476 2775 in
1503 2711 1617 2775 Merse-

319 2803 414 2886 burg,
435 2803 520 2885 layci
539 2803 752 2867 Theodericus
773 2803 874 2882 Babil,
896 2803 1048 2867 Albertus
1070 2802 1224 2884 Smeling‚
1246 2803 1418 2868 Heinricus
1440 2803 1479 2866 de
1501 2802 1618 2870 uario„
1692 2827 1693 2838 ¹

318 2892 525 2956 Hermannus
560 2895 599 2957 de
632 2893 787 2973 Cathena,
823 2893 1011 2957 Herbordus
1049 2893 1088 2956 de
1126 2893 1280 2958 Zurbowe
1317 2894 1468 2976 pincerna
1506 2899 1617 2964 noster,

319 2981 478 3046 Iohannes
498 2983 590 3046 miles
612 2983 651 3046 de
672 2983 767 3066 Lipzc
788 2988 820 3046 et
840 2985 936 3046 ceteri
959 3002 1053 3064 quarn
1075 2981 1183 3066 plures
1206 2983 1329 3046 honesti
1351 2983 1420 3044 riri.
1453 2983 1533 3045 Acta
1548 2985 1618 3043 sunl

320 3072 379 3152 hec
400 3091 483 3134 anno
506 3074 545 3135 ab
566 3073 785 3136 incarnatione
810 3071 930 3134 domini
952 3081 1172 3151 M⁰cc⁰xvle
1193 3071 1366 3135 indictione
1387 3081 1467 3135 [111¹.

390 3187 516 3242 aLeerer
533 3189 625 3243 Reum
642 3191 691 3257 fiir
708 3188 759 3242 das
777 3188 926 3242 Chrismon.
961 3203 963 3206 ·

393 3291 402 3330 ¹
422 3293 489 3348 Ursi
507 3312 545 3348 ar
562 3294 659 3348 dement
680 3295 749 3363 Tapc
767 3293 858 3348 rourde
877 3293 1022 3348 Eklteburd
1038 3311 1100 3346 auru
1118 3293 1234 3362 Biacdos
1244 3292 1363 3363 perdid.

321 3556 433 3638 1216.
460 3555 648 3638 illitober
674 3558 738 3640 18.
765 3554 1060 3640 Halberstadt.
1558 3555 1621 3633 er.

403 3691 540 3772 Biscbof
555 3691 721 3755 Friedrich
741 3712 799 3755 uon
819 3691 1023 3756 Hulberstadt
1042 3692 1194 3756 aberrasse
1214 3693 1282 3756 dcrn
1301 3691 1428 3755 Kloster
1445 3689 1551 3772 Pforie
1562 3689 1622 3752 deu

365 3781 500 3845 Zeirnten
532 3783 568 3846 iu
602 3780 733 3863 Osforde
761 3783 841 3846 nack
873 3782 1078 3863 Rcsipnotion
1108 3783 1161 3846 des
1189 3783 1246 3846 crit
1272 3780 1440 3847 demsclben
1469 3779 1624 3845 baldinico

363 3869 515 3934 Heinrich
539 3892 597 3934 uon
619 3869 843 3936 Sodertousen.
883 3871 947 3952 Vel.
969 3871 1028 3936 Na
1042 3878 1093 3936 63.
1290 3905 1292 3908 ·

475 4004 606 4062 Hecu:
625 4005 654 4060 D
668 4007 704 4059 1⁶
721 4007 773 4072 (tit.
784 4005 955 4075 Odessorde).

473 4111 584 4166 Dmaclr:
602 4111 734 4166 Deartscb:
758 4111 843 4180 Wolff
858 4112 882 4178 1,
900 4115 959 4165 308.

341 4297 343 4302 .
405 4235 442 4300 ln
464 4237 592 4299 nomine
615 4242 722 4300 sancte
744 4241 776 4300 et
796 4235 961 4299 individue
982 4237 1139 4299 trinitatis.
1171 4235 1351 4299 Fridcricus
1373 4233 1481 4296 (lirina
1498 4233 1626 4295 favente

326 4326 493 4390 clementia
522 4326 819 4390 Haluerstadensis²
848 4325 981 4388 ecclesie
1008 4327 1175 4408 episcopus
1203 4327 1238 4388 in
1268 4330 1465 4408 perpetuum.
1516 4319 1626 4386 Ponti-

325 4416 451 4479 ficalem
473 4416 564 4480 decet
586 4415 836 4479 munificentiam
856 4415 997 4477 virorum
1019 4415 1077 4478 sub
1092 4416 1239 4496 religiosa
1257 4414 1452 4498 professione
1468 4413 1527 4476 deo
1541 4407 1628 4472 mili-

327 4507 461 4568 tantium
482 4505 723 4569 necessitatibus
746 4506 933 4588 prospicere,
955 4509 1111 4587 ‹pratenus
1133 4507 1165 4567 in
1187 4505 1352 4568 tremendo
1375 4503 1521 4566 examine
1541 4501 1628 4583 ipso-

328 4616 398 4660 rum
425 4597 583 4681 garrdeant
610 4597 798 4680 patrocinio,
829 4597 1023 4680 quicumque
1044 4597 1122 4682 ipsis
1142 4595 1328 4682 patrocinatl
1349 4594 1468 4660 luerint
1489 4588 1628 4658 auctori-
