3402 5152
533 386 584 445 Nr.
594 390 742 448 tlt-414.
764 387 944 447 reos-1306.
1323 387 1374 446 389

93 544 178 608 lirieo
201 545 294 608 fratre
322 549 428 607 nostro
457 542 611 608 monacho
637 542 780 606 eiusdem
803 543 875 620 loci,
902 541 1062 606 Erinfride
1083 543 1235 611 canonico
1257 549 1287 605 ei
1308 543 1373 606 the-

91 637 208 699 saurario
228 635 356 698 ecclesie
376 633 650 716 Nuenborgcusis,
676 633 827 696 Heinrice
850 633 999 698 fratruele
1020 639 1140 710 nostro,
1162 632 1312 696 Heinrico
1335 635 1374 696 de

90 723 227 790 Kamborlr
253 726 412 808 perpetuis
443 726 568 788 vicariis
595 743 668 806 sepe
689 725 770 786 dicte
794 722 820 785 N
826 721 1053 803 uenborgensis
1075 723 1205 786 ecclesie
1226 731 1257 785 et
1278 743 1372 806 quam

90 817 214 900 pluribus
236 817 306 878 aliis
327 815 389 878 fide
411 816 524 898 dignis,
565 813 603 878 Iu
631 817 724 877 cuius
745 815 791 876 rei
812 815 1006 876 evideneiam
1030 821 1205 894 presentem
1227 815 1374 896 paginam

89 906 175 988 sigillo
201 911 306 968 nostro
332 905 466 968 fecimus
493 905 643 968 roborari.
684 905 766 966 Aeta
786 909 862 966 sunt
890 903 1376 980 laecaurrodominiliCCCl'1‚

89 1007 119 1060 ill
141 995 282 1060 kalendas
306 995 477 1058 Februarii.

146 1130 156 1156 ³
171 1129 377 1184 archidiacenus

149 1237 155 1266 ¹
173 1237 262 1302 auctr,
280 1237 331 1290 wie
347 1235 429 1304 Wolff
437 1236 496 1290 aad
507 1235 661 1289 Naaman
680 1236 842 1302 iteratarum,
861 1239 906 1290 eiu
913 1237 1052 1305 pelaerener
1064 1255 1113 1292 eeu
1124 1238 1242 1304 Hordea,
1261 1235 1377 1290 eoadem

88 1318 156 1384 Grof
166 1335 212 1370 tura
232 1317 370 1384 Oetcrseld.
406 1316 475 1370 Dies
493 1317 589 1386 erpiebt
605 1317 662 1370 sicle
680 1332 732 1370 aaa
749 1315 796 1370 der
814 1320 920 1387 aeripen
943 1317 1085 1382 Urlntade,
1108 1335 1157 1384 teo,
1175 1320 1267 1372 eberwo
1285 1319 1334 1370 wie
1351 1333 1379 1370 es

87 1399 135 1449 liar
157 1397 290 1465 pesclu'clrt,
317 1397 365 1450 der
383 1396 519 1450 Domlrarr
538 1397 681 1450 Hermann
708 1396 760 1449 den
791 1397 939 1452 Heinricus
968 1405 1118 1468 perpetuus
1145 1397 1263 1452 vicarius
1282 1397 1377 1450 Nuen-

86 1475 214 1547 burgensis
231 1477 322 1529 selaeu
341 1477 482 1530 fraturelis
500 1482 592 1531 neunt.

601 1603 851 1612 ψ..-

85 1693 189 1774 1306.
215 1691 333 1774 llum
353 1691 394 1772 6.
422 1690 585 1772 Plerlc.
1287 1690 1376 1772 413.

158 1835 319 1899 Friedrich
343 1835 517 1916 inadpref
530 1853 589 1896 oon
615 1831 801 1914 Tnitrtnpeu
822 1835 948 1910 calcidae,
971 1835 1046 1897 does
1067 1857 1101 1898 er
1120 1835 1182 1898 olle
1206 1839 1306 1898 (litter
1326 1838 1380 1899 des

118 1927 254 1990 Kleslers
278 1925 397 2005 Horta.
419 1927 522 1987 sonae
544 1925 589 1986 sie
611 1925 644 1986 iu
666 1927 780 1988 salacem
803 1925 915 1988 Lenda
935 1925 1043 2004 liepea,
1065 1926 1167 1989 seiner
1195 1927 1380 2006 Versilpunp

118 2016 284 2080 eorbelaolte
303 2017 372 2078 uod
395 2035 454 2078 een
475 2016 654 2094 dapcnipca
675 2017 777 2078 smper
797 2016 950 2080 Beantlea
972 2017 1092 2097 bcfrer'e.
1142 2016 1209 2096 Vpl.
1230 2016 1289 2080 Nr.
1306 2021 1379 2082 556.

222 2144 358 2200 Haecin:
378 2143 467 2197 D134
488 2141 746 2213 (tit.Prerogativa).

223 2237 335 2292 Druck:
353 2236 488 2290 Deatselr:
512 2234 644 2304 Wolffli,
654 2239 714 2290 322.
748 2235 803 2305 Vpl.
817 2235 930 2290 Periuria
940 2235 965 2302 1,
977 2241 1018 2291 58.
1038 2235 1325 2302 Balach-Selrarnell,
1337 2241 1379 2295 39.

153 2364 218 2427 Nos
230 2362 408 2426 l'lridericus
428 2361 477 2424 dei
499 2359 786 2442 graciaTlruringie
807 2360 1018 2443 lancgravirm‚
1041 2359 1211 2424 Miscensis
1226 2367 1257 2424 et
1269 2361 1381 2424 Orien-

79 2455 144 2516 talis
174 2455 313 2516 marchio
343 2453 565 2534 dominusque
582 2458 663 2512 terre
685 2449 867 2513 Plillnensis
895 2452 1152 2533 recognoscimus
1180 2455 1379 2534 presencium

78 2546 152 2606 serie
173 2550 205 2605 et
226 2544 265 2605 ed
288 2543 520 2616 universorum,
542 2539 659 2622 quibus
682 2558 776 2602 nosse
798 2540 892 2602 luerit
913 2547 1116 2622 oportunum,
1145 2543 1292 2623 cupimus
1313 2561 1380 2623 per-

79 2635 182 2695 venire
201 2633 360 2709 noticiam,
383 2631 467 2714 quod
491 2629 572 2693 bona
593 2631 743 2693 universa
764 2637 795 2693 et
816 2631 943 2710 singula
970 2637 1075 2718 nostre
1103 2631 1218 2692 dicioni
1241 2631 1381 2699 subacta.

78 2743 136 2804 true
156 2723 195 2784 ad
216 2721 372 2798 abbatem,
393 2728 586 2802 conventum
609 2726 640 2783 et
661 2719 828 2783 cenobium
845 2722 877 2782 in
894 2721 988 2783 Porta
1004 2728 1144 2803 spectare
1161 2721 1381 2798 dinoscuntur,

77 2821 178 2876 nostre
199 2819 323 2875 tantum
346 2817 376 2873 ct
397 2827 460 2873 nen
485 2809 720 2874 subiectorum²
741 2810 847 2888 nobis,
875 2812 1019 2874 videlicet
1039 2812 1274 2886 advocatorum,
1307 2812 1382 2874 sub-

76 2903 314 2978 advomtemm,
342 2899 549 2963 officiatorum
578 2901 862 2983 qualiumcumque
890 2904 923 2964 in
946 2908 1038 2965 antea
1059 2902 1261 2983 disposicieni
1283 2921 1382 2964 reser-

78 2993 223 3056 vabimus
243 3004 275 3055 et
295 2991 416 3054 nullius
447 2992 575 3054 monitis
605 3010 713 3074 parere
738 2992 888 3054 volumus
909 2994 941 3053 in
965 2993 1023 3054 hoc
1044 3011 1130 3070 casu,
1150 2993 1210 3054 nisi
1234 2991 1272 3054 de
1294 3011 1383 3053 man-

75 3083 144 3145 dato
175 3089 284 3146 nostro
313 3082 415 3144 vocali
445 3101 503 3144 seu
535 3081 660 3144 litterali
692 3082 840 3164 procedat
872 3080 970 3144 libero
1001 3087 1032 3144 et
1063 3099 1220 3165 expresso.
1264 3080 1381 3144 Datum

75 3174 105 3234 in
127 3172 226 3236 Perta
246 3191 330 3234 anno
351 3173 472 3236 domini
494 3181 652 3252 noceri,
675 3169 777 3235 Oculi.

142 3317 153 3344 ²
172 3287 332 3372 eubltomm

599 3408 849 3416 ..ψ-μ’...-

71 3457 191 3541 racc.
221 3456 397 3560 aprus.
1292 3456 1383 3539 414.

150 3592 229 3659 Das
251 3591 505 3674 Georpenleloster
532 3593 578 3656 bei
606 3590 796 3672 Noa-mbram
824 3592 973 3672 eerlaouft
1004 3591 1161 3657 Scluldea
1186 3592 1293 3656 lether
1318 3593 1386 3656 cine

109 3683 237 3760 Melle,
258 3687 400 3763 peccaut
420 3683 471 3746 dic
492 3681 718 3762 Kepelsmiilala
740 3683 826 3745 racbel
846 3686 944 3746 ciuem
966 3683 1050 3764 Hafa
1074 3685 1109 3745 ia
1131 3683 1306 3763 Alteabnrp
1328 3685 1386 3765 fiir

110 3779 155 3840 40
180 3775 283 3839 Maria
305 3794 349 3838 aa
371 3774 431 3838 das
451 3773 579 3838 Kloster
601 3773 718 3856 Psorte.

227 3901 362 3956 Edenda:
380 3901 460 3956 1265.
494 3901 519 3955 T
525 3905 566 3959 51.

227 3995 340 4049 anlr
359 3993 493 4048 Deuteclr:
519 3994 602 4062 Wolff
616 3993 659 4061 II,
678 3999 738 4050 320.

151 4117 193 4182 ln
232 4119 362 4182 nomine
393 4125 501 4182 sancte
533 4125 564 4182 et
594 4120 759 4183 individue
784 4120 941 4182 trinitatis.
976 4121 1089 4183 Amen.
1133 4117 1309 4181 Cristianus
1338 4117 1385 4182 dei

62 4210 179 4286 gracia
202 4209 316 4284 abbas,
336 4208 490 4271 Albertus
511 4210 611 4292 prior,
636 4207 825 4273 Ludewicus
846 4215 966 4285 custos,
993 4209 1176 4272 Guntlrorus
1195 4209 1388 4272 camerarius

63 4299 228 4382 totusque
249 4307 427 4364 conventus
450 4300 679 4363 monachorum
701 4299 832 4364 ecclesie
853 4301 953 4364 sancti
966 4299 1092 4382 Georgii
1115 4319 1210 4382 prope
1228 4300 1386 4361 civitatem

61 4381 95 4444 N
101 4387 257 4472 ueuburg
288 4389 409 4453 ordinis
446 4388 527 4476 beati
551 4387 712 4454 Benedicti
746 4391 904 4454 universis
932 4389 1046 4453 Christi
1078 4389 1224 4452 fidelibus
1255 4391 1286 4451 in
1320 4407 1388 4471 per-

62 4481 220 4554 petuum.
263 4479 420 4556 Quoniam
449 4481 579 4562 quidem
608 4481 646 4542 ad
675 4481 908 4563 precavendum
935 4481 1048 4563 litigia,
1075 4500 1137 4562 (lue
1165 4499 1271 4542 rerum
1300 4481 1388 4562 cupi-

62 4562 154 4630 ditas
177 4577 328 4649 generata
348 4572 556 4649 incessanter,
584 4589 624 4633 ex
653 4571 785 4634 consilio
814 4591 890 4634 sane
912 4573 1114 4656 providencia
1135 4580 1182 4632 est
1206 4571 1389 4632 consultum

124 4671 387 4730 nonannoeane.
403 4677 546 4720 mmm
1153 4669 1188 4728 26
