3442 5148
549 379 598 436 Nr.
611 381 722 439 18-19.
743 378 923 437 int-1177.
1356 373 1389 432 33

288 535 330 590 aa
348 535 438 605 nepe
454 534 502 588 aar
521 534 630 604 epam
649 533 753 587 mutu
770 531 829 585 au
850 531 944 620 raros
965 529 1013 584 aar
1037 517 1202 597 tina-seam
1220 526 1291 582 eea
1312 527 1389 594 sen,

287 628 342 690 uus
360 625 408 677 der
429 623 536 678 eodm
558 621 666 676 ALEX
681 624 686 691 l
702 620 857 685 annuat
874 620 1034 688 .PP,111.)
1059 638 1098 674 aa
1115 621 1207 674 rothen
1226 620 1285 674 rard
1302 621 1390 689 pelbau

289 705 410 758 maen
430 703 535 762 raam
573 701 921 770 praenotationes
942 731 972 740 -
993 701 1048 755 os
1067 703 1118 766 (ut.
1135 701 1239 768 Pom).

240 812 358 865 nnete
378 809 519 878 Sabilttpen
526 810 586 862 aad
596 809 720 878 heyam,
740 807 870 861 Nucltleae
884 807 939 872 ΙΙΙ,
954 811 1013 860 450.
1036 806 1287 860 Rutunda-&boaret
1296 807 1320 872 Ι,
1330 811 1390 865 215.

290 892 425 945 Ikotacb:
455 889 644 957 Wotff1,145.
681 889 734 956 Vpl.
753 887 893 956 Scbdttpea
911 890 952 943 49.
991 885 1111 941 rictrultea
1129 887 1171 951 Π,
1187 889 1244 940 251.
1284 888 1391 955 duffdl

291 970 342 1024 Nr.
352 974 431 1034 ⁸504,
444 975 462 1022 2
475 969 525 1022 Nr.
537 971 627 1022 Jaaal.
656 968 783 1020 Bdlrmer-
793 967 855 1020 ll'ill
866 966 907 1030 ri,
918 965 1016 1031 XXX,
1036 965 1087 1018 Nr.
1099 971 1141 1020 85.
1163 965 1286 1032 Buebmo,
1301 967 1393 1020 Naub-

290 1051 391 1104 rimam
410 1049 451 1116 H,
470 1055 512 1103 36.
1241 1053 1244 1058 '

171 1202 183 1255 ·,
209 1173 394 1238 Alexander
415 1175 584 1257 episeopus
606 1191 717 1235 sersus
740 1190 905 1234 serrorumr
921 1171 978 1250 dei,¹
990 1169 1114 1232 dilectis
1129 1170 1206 1232 filiis
1220 1171 1395 1235 Adelaldo²

96 1266 198 1328 abbati
230 1264 414 1327 monasterii
443 1269 551 1326 sancte
578 1263 677 1324 Marte
710 1263 749 1324 de
778 1261 874 1324 Porta
904 1261 1037 1340 eiusque
1062 1259 1215 1323 tratribus
1241 1267 1303 1323 tam
1324 1281 1394 1345 pre-

96 1355 236 1418 sentibus
258 1373 352 1436 quam
374 1355 491 1416 futuris
511 1352 689 1434 regularem
715 1353 811 1413 vitam
832 1351 982 1432 professis
1004 1350 1036 1410 in
1058 1358 1255 1432 perpetuum.
1280 1353 1291 1431 j:

172 1445 367 1527 Religiosam
406 1443 501 1504 ritum
538 1441 729 1524 eligentibus
760 1440 967 1522 apostolicum
1002 1441 1152 1501 ‹urnrenit
1184 1442 1293 1504 adesse
1325 1461 1396 1525 pre-

96 1535 223 1609 sidimn,
254 1552 294 1594 ne
325 1533 407 1594 forte
438 1529 609 1592 cuiuslibet
638 1530 822 1592 temeritatis
848 1530 996 1592 incursus
1022 1535 1078 1591 aut
1106 1548 1160 1590 eos
1190 1551 1207 1592 a
1236 1533 1396 1614 proposito

96 1630 221 1686 revocet
241 1631 295 1684 aut
317 1621 427 1692 robur,
463 1621 547 1701 qued
580 1619 674 1684 absit.
697 1638 785 1681 sacre
806 1619 967 1699 religionis
991 1619 1151 1702 infringat.
1192 1619 1240 1682 Ea
1260 1628 1396 1705 prepter,

97 1713 201 1776 dilecti
224 1713 254 1773 in
278 1711 406 1774 domino
424 1709 491 1787 tilii,
514 1709 626 1772 vestris
642 1711 734 1771 urstis
749 1709 1015 1792 postulationibus
1031 1707 1206 1772 clementer
1225 1713 1396 1774 annuimus

96 1814 126 1864 ot
140 1803 299 1885 prefatum
320 1799 549 1862 monasterium
573 1799 661 1861 beate
679 1797 729 1861 dei
747 1797 909 1880 genitricis
931 1817 1119 1880 semperque
1143 1800 1275 1882 virginis
1292 1801 1398 1870 llarie,

97 1892 148 1953 inl
175 1911 239 1972 quo
267 1890 375 1952 divino
404 1889 480 1950 estis
506 1888 659 1968 obsequio
689 1888 873 1969 mancipati,
905 1887 943 1948 ad
977 1889 1140 1971 exemplar
1165 1891 1399 1972 predecessoris

98 1984 194 2045 nostri
221 1987 329 2044 sancte
360 1979 589 2042 recordationis
616 1978 795 2040 Innocentii
822 1997 902 2060 pape
929 1977 987 2039 sub
1016 1977 1098 2041 beati
1121 1979 1208 2042 Petri
1234 1989 1266 2043 et.
1292 1988 1400 2044 nostra

97 2073 291 2154 protectione
320 2070 510 2152 suscipimus
537 2073 568 2130 et
593 2068 750 2151 presentis
779 2069 887 2149 scripti
913 2067 1079 2150 privilegio
1106 2072 1340 2134 communimus
1367 2073 1399 2133 in

99 2163 207 2244 primis
235 2160 394 2241 siquidem
425 2162 614 2235 statuentes,
641 2164 675 2219 ut
697 2158 774 2219 ordo
797 2157 1002 2234 monasticus,
1030 2158 1084 2238 qui
1107 2161 1282 2222 secundum
1306 2163 1400 2224 deum

98 2259 128 2314 et
155 2252 240 2314 beati
271 2249 436 2313 Benedicti
464 2247 606 2329 regulam
628 2253 659 2309 et
680 2247 910 2309 institutionem
933 2245 1190 2310 Cisterciensium
1212 2251 1346 2314 fratrum
1368 2253 1399 2313 in

99 2341 210 2404 eodem
232 2342 423 2403 monasterio
445 2338 608 2399 institutus
630 2355 699 2398 esse
722 2337 910 2415 dinoscitur,
931 2339 1091 2421 perpetuis
1113 2338 1230 2402 ibidem
1254 2343 1403 2424 tempori-

101 2431 157 2492 bus
178 2428 407 2492 inviolabiliter
429 2426 623 2490 observetur.
668 2425 814 2488 l’reterca
840 2445 1057 2507 quascumque
1079 2431 1304 2510 possessiones,
1326 2451 1403 2513 que-

100 2539 237 2602 cumque
266 2518 348 2580 bona
374 2517 458 2579 idem
486 2515 714 2578 monasterium
748 2517 780 2576 iu
813 2516 1044 2598 presentiarum
1076 2517 1157 2580 iuste
1192 2525 1224 2581 et
1250 2521 1402 2584 cartonioe

102 2609 239 2692 possidet
266 2613 321 2670 aut
345 2608 379 2669 iu
407 2609 552 2668 futurum
578 2606 782 2668 concessione
811 2605 1013 2687 pontificum,
1031 2604 1197 2686 largitione
1219 2629 1329 2691 regum
1353 2610 1402 2672 rel

101 2699 295 2781 principum,
326 2696 483 2758 oblatione
509 2695 653 2758 fidelium
683 2713 739 2756 seu
765 2693 835 2756 aliis
856 2695 948 2758 iustis
968 2695 1072 2758 modis
1093 2703 1253 2779 prestante
1276 2700 1403 2762 domino

100 2789 217 2871 poterit
245 2786 392 2869 adipisci,
421 2786 515 2847 firma
543 2785 634 2846 robis
661 2785 837 2864 reatusque
865 2785 1102 2848 successoribus
1130 2795 1161 2850 et
1186 2788 1307 2851 illibata
1335 2811 1404 2872 per-

101 2885 259 2954 maneant,
279 2877 311 2938 in
331 2875 446 2957 mribus
464 2875 520 2938 boc
539 2875 675 2956 propriis
698 2874 849 2936 duximus
870 2877 1079 2958 exprimenda
1101 2878 1276 2942 vocabulis:
1298 2880 1404 2944 locum

104 2967 250 3030 videlicet
279 2967 384 3050 ipsum
410 2985 483 3027 cum
513 2965 670 3026 adiacenti.
697 2963 789 3043 silea,
816 2965 899 3027 sieut
928 2957 1069 3028 alltone
1099 2969 1259 3048 qtrondam
1286 2971 1406 3033 Nuem-

102 3057 249 3138 bergensi
271 3057 418 3138 episeopo
441 3055 534 3116 certis
557 3055 699 3116 terminis
721 3053 811 3114 robis
825 3063 873 3114 est
885 3055 1057 3136 designata,
1078 3059 1242 3139 grangiam
1254 3060 1288 3120 iu
1300 3059 1405 3122 Ousne

101 3167 172 3208 cum
199 3145 392 3228 appendiciis
414 3145 489 3220 suis,
511 3145 716 3226 piscationem
738 3145 770 3204 iu
792 3143 892 3204 llinio
905 3143 975 3208 Sale
999 3145 1080 3206 inira
1100 3149 1252 3212 terminos
1274 3156 1404 3227 vestros,

102 3235 267 3317 grangiam
292 3235 324 3296 in
354 3228 589 3315 Heohendorplr
617 3253 689 3295 cum
717 3233 914 3318 appendiciis
945 3235 1025 3307 suis,
1052 3238 1216 3318 grangiam
1244 3239 1278 3300 in
1304 3240 1405 3302 Vinne

102 3345 174 3387 cum
207 3323 400 3407 appendiciis
421 3324 496 3397 stris,
524 3324 687 3404 grangiam
713 3323 747 3383 in
768 3322 996 3386 Hodesrordec
1017 3343 1091 3386 cum
1113 3328 1309 3408 appendiciis
1330 3330 1406 3405 suia,

104 3415 269 3497 grangiam
295 3415 326 3476 in
357 3413 513 3476 Stenbaelr
544 3433 616 3475 cum
647 3413 842 3496 appendiciis
868 3413 949 3491 suis,
977 3415 1140 3496 grangiam
1162 3419 1193 3478 iu
1216 3416 1311 3499 Lepiz
1333 3438 1406 3480 cum

104 3504 300 3587 appendiciis
322 3505 397 3583 suis,
418 3501 581 3586 grangiam
604 3503 634 3563 in
657 3502 904 3584 Borsemlorplr1
927 3523 1000 3564 (rum
1022 3505 1217 3586 appendiciis
1239 3505 1315 3586 suis,
1336 3527 1408 3592 pos-

103 3595 270 3668 sessiones,
293 3612 372 3674 quas
393 3592 515 3656 habetis
534 3592 730 3670 inLisenlo,'2
752 3594 976 3674 possessiones,
999 3613 1077 3675 quas
1092 3594 1214 3658 habetis
1228 3596 1407 3674 inCotuiZ,³

104 3684 334 3766 possessiones,
366 3701 445 3763 qtras
473 3681 594 3744 bebetis
619 3684 651 3743 in
674 3681 868 3760 stenbaon,⁴
899 3688 1011 3760 terras,
1044 3703 1122 3764 quas
1152 3684 1232 3746 bone
1255 3688 1406 3749 memorie

104 3771 279 3837 Ruinaldus
307 3773 359 3835 etd
385 3773 484 3834 sancti
506 3773 633 3854 Georgii
656 3771 785 3834 abbates
808 3771 897 3835 robis
919 3779 1044 3856 recepto
1064 3774 1249 3836 corroambio
1271 3776 1408 3838 rationa-

106 3863 213 3927 biliter
232 3863 444 3926 contuleruut.
486 3861 594 3924 Liceat
616 3881 743 3943 quoque
774 3861 866 3924 robis
897 3862 1029 3925 clericos
1061 3867 1111 3927 rel
1141 3864 1271 3927 laicose
1300 3865 1407 3928 seculo

105 3954 265 4036 fugientes
291 3951 409 4016 liberos
436 3958 468 4014 et
500 3951 661 4014 absolutos
693 3952 731 4013 ad
758 3953 999 4014 conversionem
1028 3955 1167 4037 recipere
1196 3963 1227 4018 et
1248 3955 1281 4015 in
1302 3965 1408 4018 restro

106 4043 297 4107 monasterio
320 4041 441 4122 absque
462 4042 710 4104 contradictione
733 4041 839 4122 aliqua
862 4044 1006 4105 retinere.
1040 4044 1248 4108 l'rehibemus
1270 4047 1409 4128 insuper,

110 4140 143 4195 ut
169 4133 251 4195 nulli
280 4135 415 4195 fratrum
447 4139 623 4194 vestrorum
651 4141 721 4214 post
752 4133 864 4194 iactam
891 4133 923 4194 in
949 4132 1018 4194 loco
1048 4143 1151 4196 restro
1179 4135 1407 4217 professionem

109 4223 155 4285 ias
184 4223 224 4285 sit
251 4221 291 4286 de
320 4222 433 4284 eodem
460 4221 529 4284 loco
557 4221 677 4302 absque
708 4221 835 4284 licentia
862 4221 984 4284 abbatis
1013 4223 1062 4285 sui
1085 4223 1256 4286 discedere.
1299 4225 1409 4289 Disce-

109 4313 236 4375 dentam
261 4332 338 4376 reru
367 4313 435 4375 sinc
463 4313 680 4374 courmunium
707 4311 884 4374 litterarum
922 4317 1098 4374 vestrarum
1132 4315 1279 4378 cautione
1303 4315 1409 4378 nullus

109 4402 226 4466 audeat
246 4403 391 4466 retinere.
434 4401 515 4464 Sane
548 4401 692 4464 laborum
715 4407 907 4481 vestrorum,
933 4423 1012 4482 quos
1032 4403 1167 4485 propriis
1189 4405 1336 4468 manibus
1356 4414 1410 4468 aut

110 4493 288 4574 sumptibus
316 4492 436 4566 colitis,
468 4492 533 4554 sire
566 4492 605 4554 de
638 4493 840 4555 nutrimentis
876 4498 1054 4555 vestrorum
1083 4493 1267 4556 animalium
1302 4495 1410 4558 nullus

111 4581 240 4645 omnino
260 4601 279 4645 a
300 4581 391 4645 robis
413 4581 552 4644 deeimas
569 4591 730 4664 presumat
745 4583 884 4663 exigere.
918 4582 993 4644 Paci
1009 4601 1135 4663 quoque
1148 4588 1179 4644 et
1190 4585 1409 4665 tranquillitati

167 4691 343 4740 timiama.
352 4691 388 4729 Ρι.
396 4689 417 4726 s.
428 4689 537 4729 maxx.
1196 4687 1211 4742 3
