3392 5150
525 395 574 458 Νι.
586 397 732 457 ull-sla.
755 394 936 452 lter-1295.
1326 391 1383 456 tim

154 549 193 614 In
220 551 350 614 nomme
370 543 508 614 'domini
542 551 655 614 Anien.
688 549 755 614 Nos
783 549 989 614 Hermannus
1015 553 1047 612 et
1071 546 1244 612 Heinrious
1268 547 1383 614 naues

86 638 128 702 dei
154 640 262 722 gracia
288 639 364 704 dicti
386 639 518 703 comites
539 638 579 702 de
603 637 787 702 Mannisielt
807 638 955 702 omnibus
976 643 1156 721 presentem
1176 636 1313 702 litteram
1334 639 1383 702 in-

84 730 232 810 specturis
252 730 285 792 in
307 733 506 812 perpetuum.
540 727 621 804 Quis
641 728 767 792 labente
789 733 930 811 tempore
952 732 1117 790 transeunt
1137 746 1210 790 cum
1233 733 1383 811 tempore,

85 837 138 898 que
169 823 326 899 geruntur
354 817 392 880 ab
422 816 621 896 hominibus,
652 837 780 880 necesse
803 825 851 880 ost
869 837 920 894 ea,
947 835 1008 898 que
1030 817 1127 893 fiunt,
1154 817 1381 898 scripturarum

82 907 290 970 amminiculis
327 907 527 990 perheunari.
581 906 691 970 Unde*
722 913 833 970 notum
864 925 933 970 esse
962 907 1109 988 cupimus
1136 912 1200 968 tam
1228 909 1384 988 presentis
1495 920 1502 940 ⁴

82 997 127 1058 evi
156 995 341 1060 hominibus
368 1015 464 1076 quom
491 996 607 1071 futuri,
636 996 720 1076 quod
748 1015 807 1058 nos
836 1015 892 1079 pro
916 996 1021 1058 anime
1048 1001 1155 1058 nostre
1183 1014 1219 1057 ac
1241 997 1383 1060 omnium

82 1086 313 1168 progenitorum
341 1090 521 1148 nostrorum
545 1085 705 1148 remediob
727 1105 783 1148 sen
810 1105 937 1148 mansos
958 1084 1158 1168 proprietatis
1178 1091 1285 1148 nostre
1307 1089 1384 1150 sitos

81 1175 107 1234 iu
137 1195 219 1258 pago
249 1174 324 1238 ville
356 1174 558 1240 Wsunhamr
590 1193 663 1237 cum
695 1176 854 1240 universis
886 1176 952 1238 suis
982 1174 1202 1258 pertinenciis,
1236 1175 1385 1240 videlicet

81 1266 170 1344 areis,
198 1265 313 1347 pratis,
338 1265 481 1346 pascuis,
513 1264 697 1328 nemoribus
718 1271 750 1328 et
772 1264 842 1328 aliis
863 1262 1074 1346 appendiciis,
1103 1281 1306 1344 quocumque
1327 1285 1384 1328 no-

82 1355 162 1418 mine
184 1359 385 1429 censeantur,
405 1352 562 1436 religiosis
583 1355 661 1416 viris
681 1360 713 1418 et
733 1355 766 1418 iu
779 1353 904 1418 Christo
924 1352 1118 1431 reverendis,
1136 1352 1265 1416 domiuo
1286 1353 1385 1418 Theo-

80 1441 181 1506 derico
211 1441 317 1506 abbati
347 1449 380 1506 et
407 1443 581 1508 conventui
601 1445 634 1506 in
657 1443 765 1520 Porta,
795 1443 864 1506 iure
887 1443 1087 1525 proprietatis
1108 1447 1261 1525 perpetuo
1283 1445 1383 1525 possi-

79 1531 199 1596 dendos
228 1531 423 1594 contulimus
454 1537 583 1614 propter
610 1531 718 1609 deum,
750 1551 830 1613 quos
861 1537 1033 1596 strennuus
1062 1530 1155 1594 miles
1181 1530 1383 1598 Reinhardus

81 1621 219 1684 Porcusl
245 1621 439 1686 castellanus
459 1621 493 1684 in
514 1619 606 1684 Novo
628 1627 731 1684 castro
758 1641 777 1682 a
805 1621 897 1686 nobis
919 1623 951 1684 in
973 1621 1067 1686 ioodo
1088 1619 1271 1703 possidebat
1291 1629 1323 1686 et
1343 1624 1383 1687 ad

78 1729 190 1776 rnanus
210 1717 335 1774 nostrus
356 1711 531 1775 liberaliter
551 1711 740 1793 resignavit,
761 1730 842 1793 quos
865 1712 965 1774 eciam
987 1721 1133 1774 mansos⁰
1153 1711 1275 1788 rustici,
1297 1712 1384 1776 vide·

78 1799 149 1864 licet
164 1799 318 1864 Albertus
333 1800 501 1882 Magisterf
520 1802 709 1882 cognomine
731 1807 764 1864 et
783 1799 945 1878 Albertus,
966 1799 1139 1864 Heinricus
1159 1805 1191 1862 et
1211 1798 1384 1864 Heinricus

75 1893 126 1950 et⁸
151 1889 334 1968 Comedus,
364 1891 420 1971 qui
446 1889 576 1952 eosdem
598 1891 883 1974 inpresentiarum
907 1888 1049 1952 incolant
1069 1887 1156 1966 (sic),
1183 1889 1325 1971 predicto
1347 1891 1383 1954 R.

77 1979 183 2058 militi,
207 1981 283 2060 quia
308 1981 394 2062 ipsos
416 1978 454 2041 ab
477 1998 514 2042 eo
527 1980 690 2042 similiterh
713 1981 745 2042 in
767 1980 860 2044 feodo
882 1984 1076 2062 receperant,
1098 1985 1191 2042 antea
1213 1978 1384 2063 solempni-

75 2077 121 2132 ter
157 2069 369 2152 resignarunt
411 2067 449 2132 In
484 2069 628 2132 omnium
663 2070 891 2152 premissorum
923 2076 1065 2132 eternam
1097 2070 1282 2132 memoriam
1313 2090 1384 2152 pre-

74 2164 197 2220 sentem
216 2158 354 2222 litteram
377 2157 514 2240 desuper
535 2159 746 2241 conscriptam
767 2158 918 2241 predictis
939 2157 1091 2223 lratribus
1110 2159 1143 2220 in
1155 2157 1251 2222 Porta
1272 2159 1384 2241 sigillis

74 2249 192 2310 nostris
221 2247 410 2310 tradidimus
433 2247 628 2310 roboramur.
671 2247 777 2310 Huius
800 2247 846 2311 rei
867 2254 963 2310 testes
984 2253 1059 2311 sunt
1078 2246 1292 2314 Theodericus
1313 2268 1383 2332 pre-

73 2339 197 2420 positus
218 2337 257 2400 de
279 2337 439 2426 Selicium,
459 2337 574 2402 Petrus
593 2336 685 2400 miles
707 2337 746 2400 de
761 2337 935 2415 Wollrowe,
956 2336 1137 2400 Fridericus
1159 2336 1198 2399 de
1220 2337 1384 2415 wisseke,

71 2427 247 2490 Heinricus
269 2425 488 2504 Oorceurunt¹,
511 2428 657 2490 Andreas
679 2427 718 2490 de
741 2426 901 2490 Osteruelt
922 2433 953 2490 et
974 2427 1026 2489 elii
1050 2447 1145 2509 quam
1167 2426 1296 2509 plurimi
1317 2428 1383 2491 fido

71 2517 171 2600 digni.
227 2516 344 2580 Datum
376 2537 459 2580 anuo
491 2518 611 2580 domini
645 2518 721 2579 xll⁰
756 2518 961 2600 nonagesimo
994 2523 1144 2598 quarroa,
1181 2517 1283 2579 berna
1319 2518 1382 2584 Viti

71 2609 221 2671 nmrtiris

141 2723 154 2750 ²
176 2723 362 2790 Quia—unde
380 2724 446 2791 fehlt
464 2721 494 2776 D
528 2725 610 2793 bpro
629 2721 750 2776 remedio
768 2721 1093 2776 anime—nostrorumD
1127 2721 1333 2792 ‘wuetinhayn
1354 2723 1384 2777 D

68 2791 81 2828 ⁴
100 2801 184 2856 miles
204 2801 381 2856 Reinhardus
399 2801 478 2855 miles
496 2801 588 2856 dictus
607 2818 706 2872 porcus
726 2803 754 2854 1)
825 2803 835 2828 ‘
855 2800 947 2854 mansi
964 2799 993 2853 D
1062 2791 1147 2870 ‘mffr
1164 2801 1222 2855 Μ
1237 2819 1286 2855 corr
1303 2801 1382 2872 Wolff

68 2881 128 2934 aad
149 2881 264 2936 wesen
282 2881 370 2952 Niger
385 2883 487 2951 pelesen
574 2881 634 2936 ‘et
653 2882 804 2936 Heinricus
822 2887 851 2934 et
867 2881 935 2948 feblt
953 2881 983 2934 D
1071 2879 1083 2917 l
1102 2879 1231 2934 similiter
1248 2880 1284 2934 ab
1302 2899 1335 2936 eo
1353 2881 1382 2935 D

69 2960 333 3016 'roborandaml'
371 2953 492 3016 kscolen
511 2961 540 3014 1)
585 2953 775 3016 ¹lrorteirund
795 2962 825 3015 D
860 2959 878 2987 ¹¹¹
899 2967 1058 3014 mccxclllt
1079 2960 1108 3014 D
1143 2961 1156 2988 ¹²
1175 2959 1249 3014 besti
1268 2963 1334 3028 felrlt
1353 2961 1382 3015 D

620 3128 868 3135 ——fflm-

64 3264 190 3350 1295.
216 3263 387 3345 ianuar
412 3263 479 3346 20.
507 3263 768 3362 Nouurlrurg.
1295 3264 1382 3348 312.

148 3396 219 3463 Die
247 3398 378 3462 Briider
406 3397 551 3464 eeauer
580 3397 769 3480 Doruprmrst
798 3419 839 3464 au
867 3397 1070 3464 Holberstudt
1104 3401 1174 3462 uad
1206 3399 1382 3479 Hermiona,

107 3489 203 3552 aeide
223 3485 401 3552 Domberrn
420 3509 461 3554 ru
483 3488 687 3572 Naumburp,
714 3489 881 3553 Hemone
906 3491 976 3552 aad
998 3489 1149 3552 Heinrich
1178 3489 1303 3572 Groseu
1324 3511 1383 3553 oon

103 3578 309 3657 Ncuarbury
339 3579 512 3662 calenses
542 3580 610 3642 dom
646 3577 773 3643 Kloster
803 3577 909 3660 Pforte
943 3584 961 3642 1
988 3579 1077 3661 Hafa
1106 3598 1147 3643 aa
1181 3579 1294 3660 Poppel
1326 3581 1384 3662 fiir·

103 3671 148 3732 14
176 3667 287 3743 Maris,
312 3668 405 3732 duero
429 3668 589 3751 Ernpfaup
611 3670 656 3732 sie
676 3669 838 3734 belenum.
868 3667 931 3750 Vqr.
952 3667 1012 3735 Nr.
1029 3673 1101 3732 313.

224 3801 359 3860 Hdeobr..¹
378 3803 409 3858 D
426 3795 479 3858 56³
497 3805 549 3871 (tit.
560 3804 668 3876 Popal).
689 3805 766 3860 Teo.

225 3906 340 3962 Iacet.-
358 3907 495 3964 Daue:
523 3909 608 3978 Wolff
621 3909 664 3973 II,
682 3912 742 3964 241.
769 3909 824 3978 Vpl.
845 3909 945 3964 Brauu
962 3913 1007 3965 24.

144 4037 190 4102 In
225 4035 354 4097 nomine
387 4035 515 4099 domini.
557 4039 670 4101 Amen.
722 4037 788 4102 Nos
820 4039 1004 4101 Guutlrerus
1035 4037 1086 4100 dei
1118 4039 1225 4120 gracia
1256 4037 1384 4102 Halvir-

58 4125 233 4191 stadensis
270 4125 398 4188 maioris
435 4127 569 4190 ecclesie
609 4129 802 4212 prepositus,
842 4127 1047 4191 Hermaunus
1088 4127 1234 4190 canorrici
1275 4127 1384 4190 Nucu-

57 4213 487 4300 burgenses‚Ho1·n1annus
508 4221 540 4279 et
552 4215 724 4280 Heinricus
745 4218 877 4279 comites
899 4217 974 4278 dicti
995 4217 1034 4279 de
1044 4215 1136 4279 Novo
1151 4222 1254 4280 castro
1269 4219 1383 4280 fratres

57 4307 225 4370 erunibus
257 4303 317 4366 hoc
348 4305 501 4388 scripturn
534 4308 650 4370 visuris
679 4308 712 4368 in
743 4314 941 4390 perpetuum.
994 4305 1075 4381 (luia
1103 4305 1207 4369 labilis
1238 4313 1287 4369 ost
1317 4312 1384 4370 etus

55 4399 254 4468 bominum,
287 4399 324 4456 ut
358 4395 592 4460 racionabiliter
617 4397 706 4480 gesta
732 4404 931 4479 posterorum
962 4396 1078 4458 noticie
1111 4396 1384 4476 commendentur,

54 4503 207 4552 necesse
228 4489 277 4546 est
297 4503 335 4546 ea
357 4485 481 4567 scriptis
502 4492 534 4549 et
555 4487 688 4549 testibus
709 4486 854 4550 cternari.
897 4485 1015 4548 Notum
1036 4487 1171 4549 iacimus
1191 4487 1289 4569 igitur
1312 4487 1383 4548 uni-

56 4579 169 4644 uersis
196 4579 262 4636 taur
284 4574 440 4655 presentis
462 4577 554 4639 etatis
577 4597 671 4658 quarn
685 4595 870 4639 successure
883 4575 1074 4658 posteritatis
1084 4574 1275 4658 homiuibus,
1298 4575 1383 4658 quod
