3402 5152
289 411 342 468 384
660 413 892 470 Urkundenbuoh
909 413 957 468 dee
976 413 1101 468 Klosters
1120 413 1222 470 Pforta

287 585 410 646 gamus.
452 563 635 628 Notandum
657 585 733 630 sane
755 567 837 630 eirca
858 567 1023 649 premissa,
1054 566 1139 649 qnod
1168 565 1228 629 alie
1248 569 1313 630 tres
1334 584 1457 630 sorores
1477 573 1582 646 nostre,

288 675 362 720 cum
394 661 486 719 antea
517 656 619 720 forent
648 659 791 720 maritate
822 662 852 720 et
884 659 1027 742 portione
1057 657 1117 720 sibi
1147 655 1252 720 debita
1273 677 1292 719 a
1311 656 1405 720 nobis
1427 661 1582 740 segregate,

288 747 470 810 earumdem
494 765 684 810 consensum
715 766 810 831 super
829 747 889 810 hoc
910 747 1074 810 contractu
1095 746 1294 830 superfluum
1316 747 1470 811 duximus
1489 749 1582 830 requi·
1685 802 1690 811 .

288 837 432 900 rendum.
474 837 576 918 Igitur
604 843 640 900 ut
664 841 808 902 omnium
837 840 1062 922 premissorum
1093 839 1190 902 series
1217 839 1249 900 in
1273 838 1323 902 sui
1345 837 1466 901 roboris
1488 840 1582 920 vigore
1685 886 1690 895 .

289 946 412 1010 semper
438 928 566 1010 polleat,
594 935 771 1012 presentem
799 931 946 1012 paginam
977 947 1072 1011 super
1100 929 1145 992 eis
1175 929 1386 1012 conscriptam
1417 929 1580 1011 sigillorum

288 1022 469 1082 nostrorum
491 1019 739 1102 appensionibus
756 1021 911 1084 iussimus
932 1019 1121 1083 confirmari.
1164 1018 1230 1083 Nos
1250 1017 1460 1083 Theodericus
1480 1025 1510 1082 et
1527 1019 1582 1084 Ru·

289 1108 401 1188 dolfus,
424 1110 499 1192 quia
519 1110 622 1190 sigilla
643 1113 771 1174 nostrab
793 1111 918 1194 propria
938 1121 1022 1174 non⁰
1041 1109 1204 1189 habemus,
1225 1109 1366 1191 sigillum
1383 1112 1479 1192 patris
1494 1111 1582 1173 nostri

288 1200 418 1262 nomine
439 1204 546 1263 nostro
568 1200 703 1264 fecimus
725 1199 875 1264 adbiberi.
916 1200 1023 1264 Testes
1044 1203 1120 1263 sunt
1134 1199 1319 1263 Guutherus
1343 1203 1374 1262 et
1388 1199 1583 1264 Hermannus
1684 1228 1690 1285 ς

287 1287 398 1352 fratres
420 1289 641 1354 deSohal'stete
661 1290 824 1355 castellani
845 1292 946 1354 nostri
965 1293 998 1352 in
1009 1289 1236 1372 Wizenburgl,
1257 1289 1390 1353 quenis
1404 1291 1584 1354 castellanus
1685 1320 1690 1331 ·

288 1383 395 1441 noster
413 1380 446 1441 in
469 1379 599 1443 Saleclre
627 1386 657 1444 et
685 1401 780 1463 quam
808 1380 915 1460 plures
942 1379 995 1442 alii
1017 1380 1078 1442 lide
1099 1379 1195 1462 digni.
1236 1381 1317 1442 Acta
1338 1386 1414 1443 sunt
1432 1379 1490 1444 hec
1509 1401 1582 1444 anno
1685 1352 1690 1407 ἶ

288 1469 408 1532 domini
430 1479 569 1534 M⁰CCC⁰
591 1473 711 1554 quinto,
733 1471 949 1535 11⁰lralendas
971 1469 1090 1534 Marcii.
1682 1468 1687 1503 l

360 1602 469 1658 'bonis
487 1605 554 1672 fehlt
572 1603 601 1657 D
672 1595 800 1660 bnostra
818 1603 930 1674 febltT
997 1603 1075 1658 enos
1094 1603 1124 1658 D
1196 1593 1411 1676 dWiseenburg
1431 1607 1457 1660 T

816 1753 1067 1760 ----—-----—-—-

289 1785 402 1870 1305.
430 1786 701 1868 Februarttl.
1496 1789 1582 1871 404.

368 1924 533 1988 Luhardis
559 1943 619 1987 oon
645 1923 855 1987 Lichteuhain
881 1925 1022 2004 hestdtipt
1053 1925 1112 1988 deri
1141 1925 1176 1988 in
1204 1925 1260 1988 der
1289 1925 1415 2002 noripen
1449 1924 1587 1990 Urlrundc

327 2013 751 2095 hetundeltcherlcuufnon
764 2014 954 2096 315‘2Hufen
977 2016 1010 2078 in
1021 2015 1197 2096 Benndorf
1211 2035 1255 2077 an
1270 2015 1329 2078 das
1339 2013 1469 2080 Klosfer
1480 2016 1584 2098 Pforte.

437 2131 574 2186 Horou.-
593 2132 667 2185 D58
687 2133 738 2198 (tit.
753 2131 953 2198 Bennendorf).
975 2135 1001 2187 Τ
1007 2139 1048 2188 65.

439 2223 564 2278 urucae.-
591 2225 719 2292 Lepsiua,
745 2222 858 2279 Balnea
875 2225 922 2280 der
941 2225 1110 2295 Rudclchurp
1127 2229 1170 2279 80.
1207 2225 1341 2281 Deutach:
1367 2225 1453 2294 Wolff
1463 2226 1508 2292 II,
1530 2231 1582 2280 307.

495 2303 549 2371 Vqr.
570 2304 685 2372 Lepcim
702 2323 764 2358 aa.
777 2305 806 2359 0.
825 2311 867 2360 37.
904 2306 993 2372 Dara,
1012 2306 1060 2360 Kl.
1071 2306 1146 2360 Schr.
1160 2307 1199 2372 H,
1218 2311 1262 2360 28.

367 2420 434 2503 Ego
460 2419 636 2484 Luhardis¹
664 2439 747 2484 uxor
772 2422 906 2485 iunioris
928 2421 1053 2484 Ottonis
1082 2421 1120 2484 de
1142 2419 1359 2504 Lichteuhayn
1387 2429 1497 2487 notum
1523 2439 1582 2486 esse

288 2513 381 2595 cupio
408 2513 567 2574 universis
589 2509 704 2574 Christi
730 2511 878 2574 fidelibus
904 2511 1104 2594 presentibus
1130 2519 1161 2574 et
1181 2512 1312 2590 futuris,
1339 2513 1424 2596 quod
1446 2515 1583 2577 dominus
1688 2543 1690 2602 ss

289 2602 453 2666 Conradus
475 2603 652 2686 prepositus
674 2604 802 2672 maioris
823 2603 952 2666 ecclesie
963 2600 1234 2683 Nnenburgensis
1257 2601 1477 2684 Theodericus,
1497 2604 1584 2668 Heln·
1687 2636 1690 2687 ³,

287 2694 375 2755 ricus
403 2699 434 2756 et
459 2691 617 2755 Rudolfus
645 2694 796 2774 pincerne
824 2693 862 2755 de
888 2692 1019 2756 Salelrlre
1046 2693 1158 2754 fratres
1184 2693 1245 2755 mei
1275 2692 1314 2756 de
1340 2712 1497 2758 consensu
1523 2712 1583 2757 meo

289 2788 320 2845 et
349 2781 405 2845 lilii
430 2784 493 2844 mei
514 2781 649 2844 Conradi
673 2783 711 2844 de
732 2781 899 2845 Bresenioz
929 2801 1072 2846 necnon
1104 2783 1247 2844 omnium
1276 2783 1428 2847 heredum
1452 2803 1581 2848 meorum

287 2891 343 2953 pro
374 2881 525 2935 xxx²m1
555 2874 670 2934 marcis
700 2874 821 2953 argenti
856 2872 916 2934 sibi
948 2873 1142 2953 integraliter
1179 2874 1349 2956 persolutis
1384 2875 1583 2938 vendiderunt
1692 2887 1693 2906 i

288 2962 528 3025 honorabilibus
555 2964 632 3025 viris
665 2963 793 3026 domino
823 2961 1011 3025 Theoderico
1039 2962 1144 3026 abbati
1173 2967 1204 3025 et
1231 2966 1404 3028 conventui
1434 2965 1472 3028 de
1500 2965 1581 3028 Porta

289 3059 396 3116 nostre
418 3055 617 3137 proprietatis
637 3059 700 3117 tres
722 3073 849 3116 mansos
872 3061 902 3115 et
924 3054 1090 3116 dimidium
1114 3056 1191 3116 sitos
1208 3055 1242 3116 iu
1264 3073 1344 3137 pago
1363 3055 1437 3118 ville
1450 3055 1582 3120 Benneu-

289 3143 360 3206 dorf
378 3162 450 3206 cum
474 3145 564 3216 areis,
586 3145 671 3222 ortis,
692 3145 826 3226 pascuis,
847 3141 992 3226 virgultis
1006 3145 1044 3208 ad
1060 3145 1160 3227 ipsam
1180 3145 1421 3226 pertinentibus,
1440 3147 1581 3209 solventes

288 3239 351 3296 tres
381 3251 503 3296 marcas
537 3234 599 3296 albi
632 3235 771 3315 argenti*
801 3241 832 3298 et
865 3253 965 3297 unum
1000 3235 1156 3297 maldrum
1191 3235 1287 3298 tritici
1322 3239 1496 3301 annuatim.
1542 3233 1581 3296 h'e

287 3325 386 3407 igitur
410 3323 520 3386 fratres
552 3323 721 3388 Porteuses
751 3324 964 3407 calumpniam
996 3323 1046 3388 vel
1078 3325 1277 3408 questionem
1306 3327 1506 3390 cavillosamb
1534 3328 1580 3386 aut

145 3441 150 3447 ·
259 3470 260 3474 ,
288 3417 382 3477 etiarn
404 3417 625 3497 inpeticiouem
649 3415 687 3478 ab
715 3417 822 3498 aliquo
844 3415 1009 3478 hominurn
1033 3416 1210 3500 superbiis
1234 3417 1355 3480 mansis
1375 3418 1410 3480 in
1435 3423 1578 3499 posterum

289 3523 416 3568 necesse
437 3505 573 3568 habeant
595 3507 762 3584 sustinere,
787 3525 844 3587 ego
868 3504 1023 3569 Luhardis
1045 3506 1083 3568 de
1104 3505 1311 3568 Lichteuhain
1339 3525 1412 3570 cum
1439 3505 1501 3570 filio
1520 3521 1579 3566 meo

289 3593 432 3656 Conrado
452 3594 490 3657 de
512 3594 680 3659 Bresenicz
702 3601 733 3658 et
755 3594 905 3658 omnibus
927 3596 1095 3660 heredibus
1114 3598 1193 3658 meis
1215 3595 1500 3660 abrenuncciamus
1520 3593 1579 3658 uni-

290 3703 379 3747 verso
402 3686 478 3761 iuri,
499 3688 696 3767 proprietati,
718 3687 858 3764 utilitati,
881 3685 1037 3762 dominio,
1064 3687 1148 3769 quod
1171 3686 1263 3748 nobis
1284 3685 1323 3749 de
1345 3691 1448 3750 cetero
1470 3688 1500 3749 in
1522 3701 1579 3766 pre

172 3815 174 3820 -
289 3775 380 3836 dictis
403 3777 523 3838 mansis
544 3778 711 3839 vendicare
733 3793 915 3858 possemus,
943 3775 982 3838 ad
1008 3796 1104 3840 usum
1130 3777 1262 3839 fratrum
1284 3773 1484 3840 Porteusium
1513 3778 1579 3836 totn-

288 3865 358 3926 liter
379 3865 612 3930 transferentes
645 3866 683 3928 ln
705 3865 818 3928 borum
843 3867 988 3928 omnium
1007 3867 1135 3948 signum
1150 3871 1181 3928 et
1195 3866 1378 3928 memoriam
1394 3866 1579 3949 perhennem,

289 3957 365 4037 quia
388 3955 489 4036 sigilla
510 3959 636 4040 propria
665 3977 729 4020 non
751 3955 926 4041 habemus,
943 3956 1081 4038 sigillum
1106 3955 1226 4019 domini
1249 3954 1374 4018 Ottonis
1392 3955 1431 4019 de
1450 3953 1578 4018 Lichteu-

288 4046 373 4125 hayn
398 4047 531 4109 senioris
553 4048 627 4111 huic
647 4049 748 4110 littere
770 4047 922 4110 duximus
943 4046 1175 4130 apponendum.
1217 4043 1336 4108 Datum
1364 4065 1447 4110 anuo
1473 4039 1577 4107 domini

289 4143 487 4214 M⁰coo⁰r⁰,
507 4137 606 4218 pridie
627 4138 777 4201 kalendas
799 4135 917 4198 Marcii.

358 4268 369 4295 ²
387 4269 495 4338 argenti
514 4271 581 4336 fehlt
600 4271 630 4324 D
701 4261 713 4297 h
732 4269 892 4324 cavillosam
910 4269 978 4336 feno
996 4267 1025 4321 D

360 4375 369 4402 Ι
394 4375 478 4441 WOIff
497 4393 558 4429 Μ·
571 4377 601 4430 0·
625 4377 660 4429 ist
682 4379 785 4446 percipe
818 4375 902 4428 dieser
927 4374 1068 4427 Luhardis
1094 4376 1172 4428 einen
1198 4376 1266 4428 crocle
1293 4375 1476 4430 verbandenen
1501 4367 1579 4423 Grae

287 4455 356 4604 Sylfqt'lb
371 4457 543 4588 ffiuibgm'
588 4455 768 4510 Vernrutlrlioh
790 4456 881 4524 poledri
906 4455 1019 4508 ‹ta-selbo
1035 4455 1131 4522 jcdoch
1149 4455 1198 4508 der·
1218 4455 1360 4510 naturae
1379 4473 1428 4510 von
1444 4446 1576 4509 &muita

816 4639 1064 4648 m-——n-
