3506 5148
591 389 641 456 Nn.
653 395 800 456 seo-523.
821 387 1001 454 tell-1325.
1403 389 1437 451 le

145 571 259 660 1325.
286 573 372 658 nal
386 575 446 657 21.
1365 571 1452 653 522.

227 718 393 786 Eberhard
418 739 477 784 von
505 719 728 800 Slrnussfurtb
757 719 923 795 belundet,
955 717 1032 780 dass
1057 716 1199 782 Dielricb
1229 736 1288 780 von
1311 715 1455 799 Psafferr-

185 813 314 894 9ebofen
333 811 408 876 rnrer'
426 809 550 875 Wiesen
570 808 694 873 berder
714 808 826 872 Mouza
846 807 1066 884 Hensclrlcben,
1090 807 1140 870 dic
1159 806 1293 871 denselbe
1312 829 1370 872 ooo
1390 809 1453 871 inm

186 923 227 968 eu
256 903 362 966 Leben
391 902 501 983 yebubl
529 901 622 977 lutire,
654 921 699 963 on
730 901 790 963 den
816 899 982 963 Verronlter
1006 898 1060 960 des
1086 896 1393 978 Wirlbsclraftsbofes
1421 900 1453 961 in

191 993 291 1057 Vetera
310 993 380 1055 und
400 993 460 1056 den
470 991 621 1073 Erfurmr
632 991 760 1071 Biirper
780 989 936 1054 Nikolaus
957 1007 1015 1052 con
1035 987 1220 1052 ll'eisseresee
1236 988 1286 1051 als
1303 987 1456 1052 Vertreter

184 1085 238 1146 des
256 1082 399 1147 Klosters
421 1084 528 1166 Pforle
552 1083 700 1164 ocrlronft
721 1081 798 1146 habe
821 1083 916 1144 reule·
936 1078 1096 1144 Vorbebalt
1117 1078 1171 1141 des
1192 1077 1380 1159 Rilclcbnufs
1398 1081 1457 1160 fiir

187 1174 255 1237 eine
274 1175 441 1238 beslimnrle
460 1173 536 1238 Zeu.

298 1301 432 1356 Hdccltr..¹
454 1301 547 1355 l'163.
576 1300 605 1353 D
620 1303 654 1354 73
672 1300 724 1368 (to.
736 1297 840 1366 Vehre)
858 1299 908 1353 mit
925 1297 1060 1352 einzelnen
1078 1297 1253 1368 llorrnnyen.

298 1393 409 1449 Drurclt:
427 1393 562 1448 Dentsclr:
589 1391 672 1460 Wolff
687 1391 729 1460 ll,
748 1395 808 1451 415.

232 1521 298 1586 Nos
327 1521 531 1584 Eberhardus
563 1521 602 1584 de
633 1519 801 1584 Stuslurde
832 1523 940 1583 tenore
969 1521 1169 1602 presencium
1201 1523 1457 1602 recognoscimus

147 1612 254 1675 lucide
275 1616 493 1696 protestantes,
525 1610 608 1694 quod
631 1611 680 1672 vir
700 1609 852 1693 providus
871 1608 1082 1674 Theodericus
1103 1611 1142 1673 de
1165 1609 1455 1692 Phellengeholl'en·

148 1704 213 1765 duo
235 1709 332 1785 prate,
353 1721 489 1784 quorum
511 1721 612 1764 unum
636 1707 772 1784 qrmtuor
791 1701 857 1763 estb
879 1719 1026 1782 agrorum
1049 1706 1079 1764 et
1100 1701 1258 1783 reliquum
1278 1705 1347 1764 octo
1364 1701 1457 1765 habet

146 1812 258 1874 egros,
286 1794 376 1856 iuste
397 1791 615 1856 molendinum
637 1790 950 1870 Hentzschesleyben
973 1793 1046 1870 sito,
1074 1811 1136 1872 qne
1157 1793 1227 1854 inre
1247 1792 1333 1854 feudi
1355 1795 1458 1856 tenuit

147 1891 180 1946 et
207 1883 388 1964 possedite
415 1881 521 1961 nobie,
547 1889 654 1945 nostro
680 1889 712 1945 et
739 1900 871 1944 suorum
898 1882 1050 1946 heredum
1071 1887 1279 1945 concurrente
1299 1902 1457 1948 consensu

147 1975 209 2036 rite
238 1992 275 2036 ac
300 1973 452 2056 legittime
473 1971 615 2035 vendidit
635 1971 723 2035 fratri
745 1971 887 2034 Oonredo
909 1972 991 2035 dicto
1012 1971 1146 2036 lsenhnt
1165 1990 1318 2035 converso
1346 1975 1458 2036 rectori

145 2065 239 2126 ¹curie
268 2065 301 2124 in
330 2061 435 2126 Visere
469 2072 499 2128 et
529 2061 658 2126 Nicoleo
693 2063 732 2126 dc
762 2062 963 2126 Wissensebe
996 2064 1059 2124 civi
1083 2061 1265 2125 Erlordensi
1302 2083 1358 2147 pro
1389 2070 1458 2128 octo

148 2154 265 2215 mercis
286 2153 357 2236 puri
379 2154 501 2235 urgenti
522 2154 584 2216 iem
609 2153 731 2216 traditis
752 2157 783 2216 et
804 2153 933 2232 solutis,
960 2173 1014 2235 pro
1044 2153 1162 2235 quibus
1193 2159 1224 2217 et
1248 2155 1308 2236 ipsi
1330 2156 1459 2218 nomine

149 2241 283 2306 ecclesie
305 2261 361 2306 seu
383 2245 565 2306 monosterii
586 2245 621 2306 in
642 2243 737 2306 Porto
758 2242 990 2306 racionabiliter
1010 2249 1157 2306 emerunt
1177 2245 1259 2308 circu
1281 2244 1460 2308 venditores

149 2334 279 2396 eosdem
302 2333 384 2396 dicta
404 2340 507 2416 prate,
528 2333 713 2396 condicione
735 2334 793 2396 hoc
814 2333 949 2412 adiecta,
977 2333 1122 2397 videlicet
1150 2332 1243 2416 quod,
1272 2333 1297 2394 si
1320 2334 1459 2415 prelatos

148 2423 361 2486 Theodericus
392 2425 538 2487 venditor
573 2426 736 2487 nominate
767 2430 856 2506 prate
887 2442 1026 2486 reenrere
1056 2423 1229 2486 decreverit
1257 2430 1288 2485 et
1319 2424 1460 2500 voluerit,

148 2522 309 2596 emptores
342 2515 402 2597 ipsi
434 2533 488 2577 seu
522 2520 699 2578 conventus
729 2515 860 2578 ecclesie
889 2520 1062 2577 memorate
1092 2519 1241 2577 tenentur
1269 2513 1370 2576 eidem
1404 2533 1459 2596 pro

149 2604 248 2667 simili
270 2624 396 2667 summe
417 2607 569 2686 peccunie
591 2604 760 2668 liberaliter
781 2605 962 2683 revendere,
982 2604 1154 2667 dummodo
1176 2602 1351 2666 antediem
1372 2603 1460 2668 beate

148 2693 335 2776 Walpurgis
361 2695 506 2777 proximo
535 2701 706 2757 venturum
738 2694 881 2758 venditor
911 2695 978 2776 ipse
1007 2697 1135 2756 reemst.
1182 2693 1272 2755 Alios
1303 2695 1459 2776 reempcic

148 2785 308 2846 dictorum
335 2790 496 2866 pratorum
523 2784 628 2847 locum
657 2786 784 2868 penitus
811 2805 874 2847 non
908 2782 1048 2862 hebebit,
1077 2784 1131 2847 sed
1163 2783 1294 2846 ecclesio
1324 2790 1355 2846 et
1385 2804 1460 2847 oon·

149 2879 267 2936 ventus
299 2893 392 2956 supra
424 2873 500 2936 dicti
532 2876 712 2938 monasterii
744 2876 879 2939 termino
909 2875 1104 2938 condicionis
1136 2873 1240 2955 elapso
1272 2893 1345 2956 sepe
1377 2875 1460 2938 dictu

147 2968 240 3046 prata
262 2963 332 3025 iure
352 2963 549 3045 proprietatis
571 2968 601 3026 et
623 2964 755 3027 dominii
777 2972 928 3048 perpetue
949 2964 1128 3048 possidebit.
1158 2962 1195 3026 In
1219 2983 1353 3046 quornm
1374 2967 1459 3028 testi-

147 3053 298 3115 monium
334 3059 510 3135 presentem
539 3053 674 3116 litteram
705 3074 800 3137 super
829 3056 888 3118 hoc
917 3059 1082 3117 contractu
1115 3057 1323 3136 conscriptam
1352 3065 1460 3118 nostro

148 3141 257 3225 sigillo
284 3143 439 3205 tradimus
467 3146 703 3207 communitam.
749 3143 855 3208 Testes
883 3145 979 3208 huius
1007 3151 1083 3206 sunt
1114 3142 1298 3206 Guntherus
1327 3149 1461 3227 patruus

146 3237 260 3295 noster
281 3239 311 3296 et
333 3234 453 3296 strenui
476 3234 535 3296 viri
553 3233 759 3298 Hermennus
775 3234 878 3298 dictus
888 3233 1025 3311 Funckc,
1046 3232 1150 3297 Heino
1173 3234 1315 3298 advocati
1338 3235 1460 3313 milites

145 3319 309 3386 Rudoll'us
336 3322 375 3386 de
397 3321 643 3387 Tnntnenhusen
666 3328 697 3386 et
717 3322 924 3388 Hermennus
952 3323 1055 3386 dictus
1077 3321 1263 3406 Landgreue
1290 3343 1362 3388 cum
1391 3325 1461 3388 eliis

145 3411 300 3497 pluribus
328 3411 389 3476 fide
417 3413 529 3495 dignis,
572 3412 613 3477 Et
637 3432 694 3497 ego
721 3413 882 3477 Gunterus
904 3413 943 3477 de
963 3413 1125 3477 Stuslorde
1155 3415 1243 3477 testis
1268 3417 1461 3500 proscriptus

146 3505 184 3565 in
216 3504 343 3584 signum
373 3503 545 3566 testimonii
572 3503 699 3566 maioris
726 3503 865 3587 sigillum
896 3522 1002 3567 meum
1025 3504 1102 3567 duxi
1124 3505 1324 3587 presentibus
1345 3525 1461 3590 eppen-

136 3591 304 3660 'dendum
346 3590 463 3656 Datum
488 3598 648 3656 electum
675 3614 759 3657 unno
782 3595 902 3657 domini
922 3603 1138 3674 wcccm,
1165 3593 1241 3658 leriu
1268 3597 1363 3659 tercio
1389 3601 1462 3659 unte

147 3683 237 3746 diem
260 3681 343 3744 beati
362 3681 483 3746 Vrbani
503 3685 655 3766 proxima.

223 3813 234 3842 ²
253 3813 512 3886 Phnffengeshollen
534 3817 559 3872 Τ
591 3815 824 3888 phsffingehouen
843 3817 872 3872 D
943 3807 1016 3874 best
1034 3824 1155 3890 quatuor
1173 3817 1203 3874 D

682 3981 933 3990 *m

122 4028 267 4112 4325.
295 4027 460 4126 August
473 4031 507 4112 1.
1373 4033 1462 4116 523.

235 4172 299 4238 Die
318 4174 450 4239 Brdder
459 4174 598 4240 Kourad
618 4177 688 4240 und
702 4177 840 4242 Kourad
860 4195 919 4240 von
934 4173 1107 4242 Tounroda
1127 4179 1237 4260 eipnen
1256 4179 1325 4244 dem
1337 4180 1464 4244 Klostcr

193 4265 305 4348 Psorte
334 4271 396 4348 ⁶¹b
417 4265 530 4349 Hufen
550 4267 586 4330 in
607 4267 864 4343 Hassenbnucen,
894 4266 1126 4346 Klein-Drilon,
1155 4270 1376 4336 Gross-Db'ben
1394 4273 1464 4335 und

192 4357 338 4420 Pomm'tr
357 4375 407 4422 eu,
457 4356 523 4437 Vyl.
545 4355 605 4420 Nr.
621 4359 695 4422 525.

307 4491 443 4550 nasone:
463 4493 488 4547 Τ
498 4497 540 4550 77.
568 4493 598 4548 D
611 4483 683 4548 118b
703 4494 755 4561 (tit.
768 4491 975 4562 Haesinhusen)
994 4498 1044 4550 mit
1061 4495 1236 4567 Kiirrunqeu.

307 4585 433 4643 Drnclre:
452 4587 562 4642 Ooresen
580 4591 640 4642 341.
677 4586 814 4642 Deutsclr:
838 4587 923 4656 Wolff
932 4589 975 4656 Il,
995 4593 1054 4644 416.
