3402 5152
303 407 357 464 416
676 405 907 471 Urkundenbuch
926 410 974 466 des
993 407 1120 466 Klostcrs
1138 409 1242 467 Ptcrte.

305 563 450 627 abbatem
465 563 649 626 Portensem
672 568 704 628 et
724 583 819 627 suum
842 569 1035 628 conventum
1058 563 1320 642 transfundimus,
1341 567 1377 627 ut
1397 565 1541 646 superius
1558 571 1598 628 cst

304 673 504 737 expressum,
531 655 653 717 decima
681 653 859 735 dumtaxat,
885 675 947 738 que
977 657 1016 720 ab
1048 656 1180 738 antique
1208 655 1247 718 de
1274 655 1393 718 eisdem
1417 657 1502 738 agris
1530 657 1598 720 solvi

305 746 487 822 consuevit,
514 743 606 808 nobis
634 750 665 808 et
691 745 822 808 ecclesie
851 752 956 809 nostre
983 745 1230 828 Nuenburgensi
1255 745 1344 822 salva
1370 750 1401 809 et
1419 746 1600 828 integraliter

304 842 478 912 reservata,
508 835 620 898 iuditio
643 836 741 898 eciem
766 844 890 914 nostro,
917 836 1002 920 quod
1026 835 1172 899 wikbilde
1199 841 1418 920 nuncupatur,
1445 839 1478 899 in
1500 857 1599 921 preno-

304 927 378 989 tatis
399 925 483 1008 agris
505 925 596 988 nobis
618 931 649 988 et
670 925 800 990 ecclesie
822 933 927 991 nostre
949 927 1142 1010 integraliter
1164 934 1330 991 reservato.
1365 925 1408 990 Ut
1427 932 1530 992 autem
1551 931 1600 992 hcc

304 1021 411 1080 nostre
432 1017 630 1100 proprietatis
652 1016 776 1079 collatio
798 1039 815 1079 a
837 1018 926 1081 nullo
947 1019 1046 1099 possit
1071 1018 1104 1080 in
1134 1021 1296 1099 posterum
1317 1018 1447 1098 irritari,
1475 1021 1599 1102 presenti
1683 1005 1684 1088 ξ

304 1109 419 1190 pagine
440 1107 478 1170 ad
501 1107 691 1170 evidentiam
712 1109 757 1170 rei
776 1114 864 1190 geste
885 1114 1029 1171 nostrum
1052 1105 1191 1190 sigillum
1214 1107 1367 1170 duximus
1388 1107 1599 1190 apponendum
1683 1099 1684 1182 ᾗ

304 1197 365 1260 sub
392 1199 594 1261 annotatione
619 1198 760 1277 testium,
787 1199 842 1259 inb
869 1219 1006 1280 quorum
1039 1199 1196 1281 presentia
1224 1198 1281 1262 hec
1304 1202 1379 1261 sunt
1400 1198 1498 1279 faeta,
1525 1197 1600 1262 vide·

304 1290 377 1352 licet
398 1289 546 1352 dominus
569 1289 753 1352 deutherus
774 1288 871 1351 abbas
893 1289 993 1352 sancti
1006 1289 1142 1370 Georgii,
1162 1288 1312 1352 dominus
1334 1285 1521 1352 Ludewicns
1542 1309 1602 1372 pre

303 1380 426 1464 positus
448 1381 549 1442 sancti
572 1378 725 1456 Mauricii,
744 1380 819 1442 item
842 1379 999 1442 lohannes
1020 1380 1059 1442 de
1076 1379 1256 1442 Gezerstete
1277 1377 1602 1460 canonicuschensis

304 1476 334 1533 et
355 1475 462 1532 nostre
484 1470 571 1531 curie
592 1468 856 1551 prothonotarius‚
876 1469 1037 1532 Henricus
1059 1469 1097 1532 de
1108 1467 1268 1546 Wizense‚
1288 1467 1417 1533 Vlricus
1436 1470 1475 1532 de
1497 1469 1601 1533 Bolen-

305 1566 384 1624 stete
405 1561 548 1644 perpetui
572 1560 679 1621 vicarii
701 1568 807 1622 nostre
822 1558 1238 1640 ecclesieNuenburgensis‚
1258 1551 1438 1622 Ibidericus
1456 1559 1602 1640 plebanus

304 1657 411 1713 ennete
438 1649 534 1714 Mario
555 1648 699 1730 virginis
719 1647 883 1713 Conradus
905 1650 1059 1732 plebanus
1080 1651 1181 1712 sancti
1201 1648 1352 1726 Othmari,
1373 1651 1523 1732 magister
1537 1650 1601 1713 Otto

302 1739 459 1822 plebanus
487 1742 518 1802 in
548 1739 707 1820 Kysterita
739 1745 769 1802 et
799 1740 851 1802 alii
883 1761 978 1824 quam
1010 1739 1117 1822 plures
1151 1740 1212 1802 lide
1243 1741 1340 1822 digni.
1382 1737 1500 1803 Datum
1526 1761 1602 1804 anno

304 1831 424 1893 domini
451 1837 684 1908 ll⁰CCC⁰Xll⁰‚
716 1829 748 1890 in
779 1829 829 1892 die
859 1828 948 1892 beate
976 1829 1072 1892 Lucie
1102 1830 1249 1913 virginis,
1278 1831 1451 1894 indictione
1481 1831 1602 1895 decima.

304 1919 370 1983 Nos
393 1939 521 2003 quoque
542 1917 749 1982 Hermannus
771 1919 819 1982 dei
840 1921 941 2002 gratia
962 1920 1154 2002 prepositus,
1178 1919 1303 1984 Vlricus
1330 1921 1471 1984 decanus
1496 1927 1601 1985 totum·

305 2031 367 2092 que
399 2009 662 2090 Nuenburgensis
693 2009 822 2072 ecclesie
860 2010 1034 2092 capitulum
1069 2014 1203 2072 tractatu
1234 2031 1330 2093 super
1359 2011 1417 2074 bec
1450 2013 1602 2096 prehabito

305 2100 447 2182 diligenti
480 2101 519 2162 ad
555 2100 798 2183 exprimendum
832 2105 976 2163 nostrum
1011 2119 1201 2164 consensum
1234 2101 1308 2164 huic
1344 2101 1506 2165 donationi
1540 2124 1604 2186 pro-

303 2191 443 2272 prietatis
474 2190 643 2252 accessisse
674 2208 804 2272 presens
836 2191 989 2274 scriptum
1022 2191 1120 2253 nostri
1152 2192 1280 2274 caprituli
1315 2191 1419 2274 sigillo
1458 2194 1603 2258 iussimus

303 2299 503 2344 communiri.

373 2405 384 2431 ³
402 2411 430 2460 et
447 2406 575 2477 angariae
594 2412 622 2460 et
640 2405 835 2461 tribulationes
854 2406 883 2459 N
954 2397 967 2432 ι’
985 2406 1013 2460 in
1032 2407 1100 2474 febtt
1118 2406 1150 2460 N

306 2623 413 2705 1312.
441 2624 754 2707 lienemberlt.
1520 2627 1604 2706 447.

385 2761 455 2823 Das
483 2759 683 2844 Donatepitel
712 2783 754 2827 an
780 2762 970 2842 baumburg
1001 2766 1101 2843 derret
1130 2768 1224 2826 anter
1253 2728 1489 2842 Vertauscbanp
1516 2781 1605 2844 peyna

347 2850 500 2932 9Hafen
532 2853 566 2915 tn
595 2853 724 2917 Wetlraa
759 2854 827 2916 aad
858 2853 1010 2935 3Husba
1043 2855 1074 2916 tn
1112 2853 1212 2918 Oia-le
1244 2854 1313 2916 dena
1344 2852 1472 2916 Ktoster
1505 2853 1606 2934 Psbrte

346 2944 412 3112 {gp
434 2941 655 3098 Ιῖέτνιῖἓᾶηεὸεί
677 2950 698 3008 3
718 2945 917 3024 Wea'nberpen
941 2945 1009 3008 and
1033 2945 1093 3007 den
1107 2943 1273 3008 Gericbten
1294 2945 1330 3006 in
1345 2942 1540 3008 Teuscbwita
1558 2961 1605 3006 aa.

456 3159 590 3214 Hdsclrm
616 3161 661 3216 Or.
673 3162 747 3230 Pera.
771 3163 843 3232 281).
863 3165 890 3229 1)
909 3162 954 3216 dee
973 3163 1107 3229 Br'sehoss,
1126 3180 1165 3216 an
1182 3163 1276 3215 rothen
1293 3161 1353 3214 and
1368 3167 1492 3229 pransa,
1517 3162 1545 3228 2)
1562 3157 1605 3210 des

505 3241 638 3309 Kapltela
657 3261 695 3296 an
713 3245 806 3296 retbere
823 3243 947 3297 setdenen
965 3244 1115 3310 Scbnrtren,
1134 3249 1243 3296 erstem
1260 3241 1346 3305 sturt,
1366 3241 1481 3294 tentares
1499 3237 1607 3305 aemma

502 3321 660 3390 besebcidipt.
697 3323 819 3376 Drasdea
839 3321 876 3378 H.
886 3323 924 3377 St.
935 3323 970 3378 A.
989 3323 1043 3378 Nr.
1054 3327 1131 3378 1977.
1175 3322 1234 3374 Eia
1250 3322 1352 3374 awattes
1373 3319 1418 3374 Or.
1431 3319 1505 3388 Perp.
1523 3316 1605 3383 asp,

504 3418 554 3454 ron
563 3399 648 3454 aaran
658 3402 709 3456 dus
719 3403 764 3456 des
773 3403 900 3470 Kupilels
910 3405 1012 3457 uerletzl
1024 3405 1068 3457 ist.
1099 3403 1259 3470 Nanmburp
1274 3399 1312 3454 D.
1324 3402 1358 3454 A.
1370 3399 1422 3476 ΝΥ.
1431 3405 1484 3453 211
1500 3396 1557 3466 (N).
1571 3422 1604 3432 *-

503 3471 603 3534 Dt'th¹
627 3483 691 3536 T222
708 3483 766 3535 and
784 3484 923 3536 acclamate
942 3488 1001 3538 124.
1040 3483 1180 3537 Portensia
1199 3485 1234 3534 47
1253 3481 1284 3533 tn
1305 3480 1469 3548 Nanmbnrp
1486 3477 1521 3531 D.
1534 3479 1565 3528 A.

453 3572 564 3626 Druck:
583 3573 715 3628 Dantem:
740 3575 823 3642 Wolff
837 3575 879 3642 H,
898 3580 958 3628 341.

384 3699 397 3772 ΙΙ
422 3694 611 3760 innomine
639 3698 768 3762 domini.
800 3699 912 3761 Amen.
936 3697 948 3779 ll
991 3697 1146 3773 Quoniam
1177 3698 1292 3760 veteris
1319 3697 1401 3759 iuris
1431 3693 1605 3758 enucleetur

224 3799 229 3808 ·
304 3786 427 3846 asserit:
458 3785 610 3850 Omnium
639 3789 753 3851 habere
782 3791 966 3851 memoriam
997 3790 1106 3872 pocius
1133 3788 1308 3850 divinitatis
1337 3805 1433 3868 quam
1464 3779 1604 3848 humani·

304 3876 376 3936 tatis
403 3875 523 3954 existit,
554 3897 594 3940 ne
616 3899 667 3955 ea,
697 3899 759 3960 que
788 3880 846 3940 rite
874 3884 904 3942 et
931 3878 1182 3941 racionabiliter³
1208 3876 1247 3938 ab
1271 3876 1456 3939 hominibus
1477 3874 1556 3938 liunt
1575 3875 1604 3930 ct

302 3969 390 4044 gesta
416 3972 503 4046 sunt,
534 3987 588 4049 per
615 3969 739 4052 lapsum
767 3971 915 4052 temporis
940 3971 972 4030 in
995 3968 1186 4030 oblivionem
1208 3967 1320 4030 deduci
1343 3965 1482 4039 valeant,
1507 3961 1604 4026 solent

303 4053 478 4117 litterarum
501 4059 674 4135 patrocinio
696 4058 885 4122 confirmari.
927 4059 1011 4121 Hinc
1034 4063 1094 4132 est,
1121 4057 1205 4140 quod
1232 4075 1291 4120 nos
1312 4055 1517 4119 Hermennus
1539 4066 1604 4134 pre

304 4145 440 4224 positus,
470 4145 597 4211 Vlricus
627 4150 766 4211 decanus
792 4154 957 4231 totumque
978 4148 1243 4229 Nuenburgensis
1277 4145 1408 4209 ecclesie
1437 4140 1601 4228 capitulum

303 4233 452 4296 omnibus
463 4235 577 4298 Christi
599 4237 754 4316 fidelibus,
779 4239 817 4299 ad
841 4257 921 4320 quos
938 4257 1066 4322 presens
1085 4239 1237 4319 scriptum
1253 4238 1440 4319 pervenerit,
1462 4233 1603 4296 volumus

303 4341 371 4385 esse
395 4331 512 4403 notum,
534 4329 618 4408 quod
643 4329 786 4409 quinque
811 4349 936 4391 nransos
958 4335 987 4392 et
1012 4327 1179 4390 dimidium
1196 4341 1344 4390 mansum
1362 4318 1603 4389 nostreecclesie

303 4415 452 4496 proprios,
474 4417 506 4477 in
529 4437 607 4499 pago
631 4418 703 4479 ville
714 4417 879 4480 Thuswizb
900 4421 985 4498 sitos,
1004 4419 1170 4482 aunuatim
1188 4418 1247 4479 tria
1263 4418 1380 4481 talenta
1395 4423 1426 4480 et
1441 4411 1601 4478 dimidium

302 4503 567 4586 Nuenburgensis
590 4515 714 4570 monete
736 4507 906 4586 solventes
932 4529 1007 4571 cum
1028 4506 1177 4570 erunibus
1196 4509 1311 4584 vinem,
1338 4508 1433 4587 ereis,
1459 4497 1601 4569 salicibus

303 4599 334 4656 et
353 4595 491 4659 arbustis
512 4597 630 4660 eisdem
654 4599 774 4662 mansis
795 4601 945 4678 armeris,
973 4619 1046 4662 cum
1075 4598 1178 4663 tribus
1208 4600 1306 4663 eciem
1335 4599 1439 4664 vineis
1463 4595 1498 4660 ed
1524 4603 1601 4654 usus
