3400 5148
571 403 621 460 Nr.
634 405 779 462 185-186.
801 405 876 464 1265.
1328 401 1378 455 199

88 552 183 637 1665.
213 551 465 656 September
492 555 527 636 1.
551 553 750 658 [Erfurt]
1289 553 1377 636 185.

149 689 300 753 Heinrich
310 689 429 755 babenb
442 711 500 754 von
509 689 635 772 Apelda
646 690 793 774 verbaust
801 691 869 754 dem
881 689 1007 754 Klester
1016 689 1123 772 Pforte
1131 691 1189 772 fiir
1201 695 1267 756 168
1279 690 1378 754 Marlr

116 778 259 860 Erfarter
275 779 389 844 Silbers
411 785 432 844 7
453 779 565 863 Hufen
587 781 621 844 in
640 778 808 846 Wallieben
828 781 898 844 und
918 779 994 845 lesse
1014 780 1070 843 mit
1088 781 1291 844 Verwandtea
1309 779 1379 844 und

117 869 213 934 Erben
235 869 386 934 dieselbea
406 869 625 950 deneGrafen
648 869 792 936 Giinther
812 891 870 934 von
892 867 1116 951 Schwerebarp
1137 871 1206 952 aas.

218 1009 352 1067 Hdrebrs
381 1009 425 1064 Or.
437 1011 511 1076 Perp.
532 1009 605 1064 Zwei
621 1011 680 1077 Spa,
701 1015 726 1072 1)
745 1009 790 1064 dee
808 1009 945 1064 &anem
966 1007 1100 1062 Heinrich
1122 1025 1173 1062 aon
1192 1009 1314 1076 Δροῑᾱο,
1339 1027 1378 1063 aa

271 1089 545 1157 Perpamentrtreifem
554 1091 711 1158 etpumia,
720 1092 750 1158 2)
759 1091 843 1144 mina
853 1087 974 1142 Bradere
982 1088 1112 1154 Dietrlcla
1123 1105 1160 1142 an
1168 1089 1310 1157 pelbliehen
1319 1089 1378 1142 and

267 1176 374 1240 praem
382 1169 505 1224 aeidenen
517 1169 706 1237 Philometore
715 1168 874 1238 beaebhdipt,
884 1170 951 1222 theat
966 1169 1028 1222 eber
1036 1168 1078 1222 die
1087 1167 1181 1222 beiden
1191 1169 1379 1238 Ldnprbalben

266 1248 383 1302 midde·
394 1249 561 1318 Querballeen
568 1249 685 1304 deutlich
701 1251 842 1304 erbam.
867 1247 985 1304 Weimar
994 1248 1022 1304 S.
1030 1247 1064 1306 E.
1072 1249 1146 1304 0,.1.
1154 1249 1215 1318 Rep.
1225 1249 1271 1308 Oo.
1281 1249 1308 1308 S.
1315 1251 1378 1316 686,

267 1327 318 1381 Nr.
328 1332 352 1383 1.
372 1357 405 1366 -
423 1327 499 1382 Dee
516 1327 743 1396 (hewaldiche).

221 1433 333 1488 Druck:
348 1432 485 1488 Dmncb:
510 1431 640 1502 WolffH,
658 1435 717 1492 128.

153 1559 202 1624 Ad
226 1561 462 1643 precavendam
487 1561 602 1644 litigia,
632 1580 822 1643 quereiam
845 1559 1001 1644 cupiditas
1023 1566 1154 1644 generat
1174 1559 1379 1640 incessanter,

84 1669 116 1711 ex
144 1649 275 1714 oonsilio
299 1669 374 1714 sane
400 1651 600 1734 providentie
630 1656 678 1714 est
704 1650 885 1714 consultum
912 1656 981 1712 aeta
1007 1650 1173 1712 hominum
1202 1652 1326 1733 seriptis
1347 1657 1379 1714 et

83 1739 203 1803 testibus
225 1739 425 1822 perhennari.
467 1741 553 1804 Hine
573 1746 633 1819 est,
656 1741 741 1823 quod
763 1759 822 1822 ego
843 1739 1004 1802 Henrieus
1024 1739 1178 1822 pincerna
1199 1740 1237 1803 de
1255 1740 1378 1824 Apolde

83 1829 219 1893 omnibus
250 1829 332 1893 hane
363 1830 499 1893 litteram
530 1831 723 1914 inspecturis
753 1836 864 1892 notum
896 1847 965 1892 esse
997 1830 1105 1912 cupio,
1140 1829 1225 1909 quod
1258 1833 1377 1912 septem

83 1937 198 1982 mansos
211 1919 288 1982 sitos
305 1920 337 1982 in
357 1939 437 2003 pago
452 1925 484 1983 et
498 1920 573 1983 villa
587 1919 793 1994 Waldeoben,
815 1937 896 2000 quos
917 1916 1014 1982 habai
1034 1936 1090 2000 per
1111 1937 1244 1982 uxorem
1266 1937 1379 1996 meam,

84 2015 110 2068 et
133 2009 235 2070 omnia
263 2009 429 2072 attinentia
456 2010 533 2094 ipsis
558 2009 678 2072 mansis
702 2013 765 2071 tam
792 2009 826 2070 in
844 2027 955 2092 eampo
978 2026 1074 2089 quam
1094 2008 1128 2070 in
1147 2007 1223 2070 villa
1244 2009 1283 2071 de
1304 2027 1380 2070 eon·

83 2115 168 2160 sensu
193 2097 305 2162 uxoris
327 2117 410 2176 mee,
432 2101 529 2182 petris
551 2105 583 2163 et
599 2099 706 2162 fratris
726 2099 828 2183 ipsius
848 2098 960 2160 uxoris
976 2116 1035 2160 nee
1057 2116 1121 2160 non
1141 2103 1172 2161 et
1187 2099 1294 2161 fratris
1315 2099 1378 2160 mei

82 2184 255 2250 Theoderici
277 2192 309 2250 et
330 2190 473 2252 omnium
495 2187 649 2252 heredum
670 2206 824 2260 meorum,
854 2187 909 2268 qui
931 2205 1041 2250 omnes
1060 2205 1127 2249 una
1148 2205 1273 2250 meeum
1296 2185 1379 2249 dieta

82 2272 155 2336 bona
168 2277 201 2337 in
215 2295 329 2340 manus
346 2275 715 2356 dominimei,G11ntheri
731 2277 855 2340 comitis
867 2275 906 2339 de
918 2275 1112 2354 Sperabam,
1130 2277 1374 2360 resignaverunt

83 2366 149 2444 quia
175 2365 212 2427 ab
240 2367 310 2448 ipso
337 2365 438 2429 diotos
464 2386 591 2430 mansos
618 2367 687 2430 inre
714 2368 876 2429 tenuimus
901 2365 1031 2444 feodali,
1057 2365 1188 2429 vendidi
1214 2365 1320 2429 abbati
1347 2373 1379 2430 et

82 2453 219 2518 iratribus
236 2455 275 2518 de
287 2455 384 2518 Porta
399 2476 457 2539 pro
475 2462 604 2520 eentum
626 2457 793 2539 sexaginta
813 2461 883 2518 ooto
904 2455 1233 2520 mareisErfordensis
1254 2457 1377 2539 argenti

82 2543 167 2606 miehi
183 2544 381 2626 integraliter
392 2546 562 2629 persolutis
577 2547 646 2610 iure
669 2545 876 2630 proprietario
897 2546 931 2609 in
953 2552 1141 2628 perpetuum
1160 2546 1378 2629 possidendos.

85 2631 122 2694 Ut
140 2640 241 2698 autom
265 2635 324 2698 hee
345 2637 462 2719 emptio
484 2657 503 2699 a
523 2655 574 2700 me
596 2643 628 2700 et
647 2634 819 2700 heredibus
839 2637 919 2699 meis
941 2635 1062 2700 stabilis
1084 2641 1115 2698 et
1136 2636 1376 2698 inconvulsam

83 2729 259 2806 perpetuum
295 2731 490 2808 perseveret,
532 2725 625 2790 dietis
659 2725 811 2788 fratribus
842 2723 1049 2788 Portensibus
1086 2725 1158 2788 dedi
1200 2732 1377 2807 presentem

82 2811 207 2876 litteram
243 2833 315 2878 meo
347 2815 450 2898 sigillo
481 2823 513 2879 et
544 2815 647 2898 sigillo
678 2815 785 2877 fratris
814 2814 878 2877 mei
903 2813 1089 2876 Theoderici
1120 2815 1260 2877 fideliter
1294 2835 1379 2877 oom-

82 2903 234 2966 munitam.
276 2903 384 2968 Testes
409 2904 505 2969 huius
526 2906 572 2969 rei
594 2909 669 2968 srmt
688 2903 920 2986 Degenhardus
940 2905 1147 2978 camerarius
1174 2903 1379 2966 Winemarus

82 2991 279 3066 infirmarius,
311 2993 472 3058 Hann'ous
497 2994 682 3060 cellerarius
709 2993 870 3070 monaehi,
895 2995 994 3056 frater
1013 2993 1174 3056 Henriens
1200 2993 1239 3056 de
1264 2992 1380 3056 Liben-

82 3081 172 3158 stede,
200 3083 407 3148 Gothehidus
436 3085 588 3168 magister
612 3085 787 3168 hospitum,
814 3083 983 3146 Cunradus
1011 3084 1162 3164 magister
1186 3083 1219 3144 in
1242 3083 1380 3145 Borsen-

83 3169 151 3250 dorf,
170 3173 269 3236 frater
283 3173 490 3238 Hermannus
506 3175 544 3238 de
555 3173 766 3250 Sinderstede.¹
788 3173 887 3234 frater
907 3171 1068 3235 Hernicus
1088 3173 1126 3234 de
1146 3171 1379 3249 Gutenshusen,

82 3259 632 3344 GantherusmagisterinCusende·,
643 3262 951 3326 fraterHermannus
962 3262 1190 3325 textorfratres
1200 3259 1380 3338 Fortenses

83 3347 256 3416 Guntherus
286 3351 531 3429 VieedonrinuS‚
566 3353 734 3417 Ouaradus
760 3351 867 3428 Hoke,
901 3349 1062 3414 Henrieus
1090 3351 1128 3414 de
1156 3350 1379 3413 Biltersleiben

81 3439 157 3502 cives
177 3441 389 3505 Briordenses
419 3446 451 3505 et
478 3442 531 3505 alii
561 3461 655 3523 qaam
682 3440 799 3524 plures.
839 3438 923 3502 Data
950 3440 982 3502 in
1005 3440 1093 3502 omia
1115 3439 1317 3502 dominorum
1339 3439 1377 3501 de

84 3525 176 3592 Porta.
217 3533 314 3595 Anno
336 3531 457 3595 domini
481 3539 691 3610 M⁰CO⁰LXV,
712 3529 865 3592 kalendas
886 3529 1078 3612 Septenbris.

143 3645 153 3673 ¹
171 3647 207 3700 In
223 3645 254 3700 D
271 3647 339 3701 steht
354 3647 517 3702 Guntherua
534 3648 666 3718 magister
684 3646 712 3700 in
729 3645 821 3700 (lasne
839 3643 1060 3699 aorGothfridua
1078 3643 1210 3714 magister
1227 3641 1379 3713 hospitum.

84 3865 188 3954 1265.
216 3868 468 3971 September
496 3871 531 3953 1.
557 3868 721 3950 Erfurt.
1288 3867 1378 3949 186.

161 4003 275 4068 Walter
296 4003 397 4070 Ritter
417 4024 475 4066 von
493 4003 635 4083 Varpule
656 4003 816 4080 habundet,
837 4003 913 4066 dass
934 4002 1001 4066 sein
1022 4001 1269 4082 Sebwiepersoba
1280 4001 1380 4068 Heia-

119 4093 180 4156 rich
201 4093 319 4158 serent
337 4114 396 4158 von
418 4093 545 4174 moldo
567 4093 714 4175 7Hufen
737 4093 771 4156 in
800 4091 972 4158 Walle'cben
993 4111 1037 4155 an
1058 4091 1116 4154 das
1137 4089 1264 4154 Kloster
1274 4093 1382 4173 Pforte

119 4183 259 4264 vekauft
288 4183 357 4247 und
388 4203 421 4247 er
451 4181 542 4262 selbst
572 4183 628 4246 mil
659 4183 719 4246 den
746 4181 876 4262 dhripen
903 4180 1108 4261 Betbeilipten
1134 4180 1285 4245 dieselbea
1313 4181 1382 4246 dem

122 4272 239 4355 Grefen
263 4273 405 4338 Giinther
425 4293 483 4337 von
504 4272 726 4354 Solewerahurp
748 4272 946 4356 aufpelassen
967 4272 1049 4334 hehe.
1079 4269 1144 4350 Vpl.
1165 4272 1268 4353 botibe
1287 4269 1347 4336 Nr.

222 4411 358 4469 Helen„-
380 4411 425 4469 Or.
435 4412 511 4482 Perp.
525 4414 572 4483 Sp.
581 4413 694 4481 valeta,
713 4414 779 4467 lebret
795 4411 863 4466 noeb
880 4411 939 4465 ἀνα·
958 4411 1077 4465 Viereebe
1094 4411 1235 4467 erbevmm
1262 4411 1381 4465 Weimar

272 4490 434 4551 8616611,
448 4493 512 4562 Rep.
525 4493 570 4552 Oo.
591 4494 617 4548 8.
628 4497 688 4560 586,
707 4493 811 4548 Nr.1⁸.
830 4521 864 4530 -
881 4492 912 4545 D
930 4495 965 4546 42
982 4491 1034 4558 (tit.
1046 4487 1210 4556 Waldiehe).

223 4597 335 4653 Druck:
352 4599 490 4655 Dabat:
514 4600 598 4668 Wolff
612 4600 655 4667 11,
674 4603 733 4654 129.
