3390 5148
315 361 368 426 240
687 357 918 416 Urlrundenbuch
935 355 984 413 des
1004 356 1127 423 Klosters
1146 357 1248 418 Piortc,

314 510 420 594 1221.
451 509 615 608 August
641 509 677 591 2.
1531 504 1605 588 232.

398 645 464 710 ouo
495 647 608 726 Propst
631 647 701 708 aad
727 647 785 708 dos
811 645 942 726 Kopitel
971 647 1025 709 des
1052 645 1079 709 b.
1094 647 1209 712 Petrus
1236 645 1271 707 in
1293 643 1390 707 Soleo
1417 644 1527 721 agnen
1553 643 1606 706 <iau

353 735 477 800 Kloster
498 735 606 816 Psorte
627 740 647 798 4
670 735 787 799 Aeolrer
808 736 854 799 bei
875 736 930 798 cler
952 735 1063 800 Maure
1083 736 1136 798 des
1156 734 1298 798 Klostcrs
1317 754 1361 798 ou
1383 733 1438 796 der
1459 733 1551 796 muse
1568 754 1607 806 ru,

354 826 405 888 die
425 824 546 905 Helwip
567 843 625 888 oon
647 823 744 890 Soleo
764 826 859 888 ibam
881 825 1081 908 oufpclossen
1101 825 1164 891 aar.

465 959 598 1015 fleatur.-
615 958 646 1012 D
663 953 719 1014 28¹³
738 961 790 1027 (rit.
805 960 972 1028 Gernetete).
1003 959 1102 1016 Τ226.

465 1067 590 1120 Druclte:
612 1066 751 1135 Sobottpea
759 1066 819 1120 aad
828 1066 953 1136 Kreyaip,
973 1067 1103 1122 Nacblese
1122 1067 1146 1132 1,
1166 1069 1225 1120 170.
1253 1063 1506 1120 Balach-&hamel
1518 1062 1542 1126 I,
1559 1065 1607 1114 229.

515 1146 649 1200 Deutecb:
675 1145 760 1214 Wolff
774 1147 816 1212 II,
836 1151 896 1204 174.
931 1146 986 1214 Vpl.
1008 1147 1147 1215 Scbbttpcra
1166 1151 1225 1202 122.
1261 1146 1526 1213 o.Scb‹'inber9159.

395 1275 461 1338 Nos
493 1273 565 1338 Otto
594 1275 645 1337 dei
674 1275 775 1356 gratia
804 1275 981 1356 prepositus
1010 1281 1178 1355 totumque
1206 1272 1380 1357 capitulum
1408 1274 1507 1336 sancti
1538 1272 1610 1336 Petri

316 1365 478 1428 Sulcensis
510 1365 770 1446 recognoscimus
804 1373 836 1427 et
871 1373 979 1427 tenore
1014 1374 1143 1447 present
1131 1365 1212 1427 tium
1243 1363 1368 1448 publice
1403 1369 1610 1446 protestamur.

317 1455 401 1537 quod
425 1461 562 1538 quietum
583 1474 675 1537 agros
697 1456 773 1517 sitos
795 1473 892 1536 penes
914 1453 1133 1518 molendinum
1156 1453 1325 1517 Portense
1348 1472 1443 1538 super
1466 1453 1611 1516 Emesam

316 1545 467 1608 babentes
489 1544 688 1606 latitudinem
710 1554 748 1606 Vl
773 1546 935 1626 virgarum
964 1549 1041 1606 eta
1023 1544 1167 1606 asilvub
1188 1542 1321 1608 Lindelo
1350 1561 1454 1623 usque
1477 1542 1515 1604 ud
1537 1560 1612 1602 oriun-

316 1653 445 1698 munem
475 1635 558 1696 viam
592 1635 821 1716 pertingentes
854 1653 934 1714 quos
962 1653 980 1696 a
1006 1635 1099 1697 uobis
1127 1633 1290 1697 Helwicus
1323 1633 1362 1696 de
1389 1631 1483 1696 Sulce
1513 1632 1574 1695 eti
1563 1630 1610 1692 lilii

317 1726 386 1788 eius
413 1725 445 1787 in
473 1723 566 1787 feodo
594 1724 746 1786 tenebant
771 1723 928 1806 nobisque
955 1726 1173 1806 resignarunt,
1146 1722 1338 1788 tecclesie
1370 1723 1516 1786 Portensi
1548 1739 1612 1784 cou-

316 1816 448 1879 tulimus
476 1820 507 1876 et
533 1815 807 1896 appropriavimus
830 1833 901 1876 oum
925 1815 1012 1876 omui
1032 1814 1102 1878 iure
1123 1819 1154 1877 et
1177 1820 1347 1896 proventu,
1370 1811 1455 1892 quod
1477 1809 1567 1874 nobis
1585 1811 1610 1870 iu

316 1905 393 1988 ipsis
419 1903 631 1986 competebat,
658 1903 727 1966 iure
753 1903 961 1986 proprietario
990 1910 1142 1986 perpetuo
1174 1902 1391 1986 possidendos.
1443 1902 1495 1966 Ad
1528 1901 1614 1963 ruaio·

316 2013 384 2056 rem
406 1993 502 2076 igitur
523 1991 681 2055 cautelam
705 2001 737 2054 et
756 1999 954 2075 posterorum
976 1993 1127 2056 noticiam
1148 1993 1323 2076 pleniorem
1346 1999 1525 2075 presentem
1541 1990 1614 2052 litte-

316 2103 383 2146 rem
411 2081 567 2146 conscribi
602 2082 735 2145 lecimus
766 2083 964 2164 ecclesieque
991 2083 1138 2146 Portensi
1164 2087 1394 2166 prememorato
1422 2082 1616 2164 porreximus

317 2173 492 2255 sigillorum
533 2177 713 2235 nostrorum
748 2171 996 2255 appensionibus
1022 2173 1259 2236 communitam.
1312 2171 1420 2236 Huius
1451 2171 1498 2235 rei
1530 2181 1615 2233 testes

317 2268 391 2327 sunt
424 2261 630 2326 Hermannus
664 2261 702 2324 de
735 2261 932 2344 Euersberg,
967 2261 1140 2326 Heinrious
1171 2263 1210 2326 de
1246 2261 1466 2343 Sconeuberg⁰
1500 2259 1617 2323 milites

316 2351 502 2416 Dithmarus
529 2351 674 2434 Longus,
703 2350 892 2414 Cuuradusd
916 2351 1088 2430 Thamnus,
1116 2352 1289 2416 Heinrious
1317 2351 1433 2430 Faber,
1466 2350 1616 2414 Iohannes

317 2443 400 2526 apud
442 2447 570 2526 pontem
614 2446 646 2504 et
685 2441 739 2504 alii
782 2461 877 2524 quam
918 2441 1035 2524 plures.
1088 2443 1169 2506 Acta
1199 2448 1274 2506 suut
1298 2442 1358 2504 hec
1389 2459 1473 2503 anno
1506 2436 1616 2502 domini

317 2531 564 2610 u⁰cc⁰Lxxl⁰,
596 2531 628 2592 in
652 2530 702 2594 die
724 2529 807 2594 beati
831 2529 981 2614 Stephani
1004 2549 1085 2614 pape
1107 2537 1139 2594 et
1160 2531 1317 2612 martyris.

387 2671 512 2740 aporten
532 2669 590 2722 Dr
640 2669 821 2724 lsiluuluT
871 2667 1063 2739 cSonenberg
1083 2669 1108 2721 T
1158 2659 1330 2722 dcantianus
1349 2667 1378 2720 D

438 2772 532 2836 Aram.
567 2771 616 2836 Zu
637 2773 698 2837 den
719 2771 842 2854 Zcupea
862 2771 918 2852 opi.
944 2769 1002 2836 Nr.
1016 2759 1093 2848 226,
1115 2771 1209 2836 Auru.

856 2947 1108 2962 m

320 3071 425 3154 1271.
453 3068 705 3172 September
730 3069 795 3154 22.
1291 3071 1293 3074 ’
1534 3065 1620 3151 223.

404 3205 549 3269 Giinther
568 3205 646 3288 [peb.
662 3204 816 3287 Grosooa
830 3203 1012 3288 Moasfeld]
1033 3205 1166 3269 Vibium
1186 3224 1228 3268 au
1248 3201 1451 3268 Holberstudt
1468 3201 1623 3276 nunnae

360 3296 435 3358 dass
460 3295 528 3358 sein
550 3293 680 3359 Broder
701 3294 876 3370 Hermann,
902 3291 1057 3357 Dombcrr
1082 3314 1124 3358 au
1146 3291 1343 3373 naamam,
1371 3297 1394 3359 2
1418 3291 1518 3357 Mario
1535 3291 1624 3373 jutr-

361 3383 459 3447 licten
487 3382 598 3447 Za'ases
621 3403 662 3447 eu
685 3382 800 3464 Poppel
826 3383 912 3447 aebst
934 3383 1080 3446 audacro
1109 3383 1219 3447 Besitr
1249 3383 1383 3446 caelest
1407 3381 1475 3446 aaa
1503 3381 1625 3446 lauta
1682 3439 1683 3470 2

360 3473 466 3554 Psorie
486 3473 632 3554 verkauft
651 3472 736 3538 bobr.
776 3471 841 3554 Vqr.
864 3470 923 3536 Nr.
942 3475 1019 3538 227.
1682 3471 1683 3556 2

470 3605 607 3664 flascon:
636 3606 667 3662 D
683 3611 720 3662 28
744 3608 795 3674 (tir.
811 3607 975 3671 Gernstete).
1008 3607 1097 3660 T101
1120 3607 1172 3662 mit
1193 3607 1241 3662 dor
1258 3625 1304 3662 am
1322 3607 1403 3662 Eride
1421 3607 1626 3677 limeupefilgteu

521 3687 690 3755 Benwrlano
709 3687 873 3756 Neulrtfero:
897 3686 1026 3758 Sigillum
1044 3687 1226 3760 originalibus
1245 3687 1345 3742 litteris
1364 3703 1525 3760 appensum,
1546 3692 1627 3758 rupta

520 3766 616 3822 charta
641 3765 801 3838 delapsum,
826 3767 874 3822 sed
899 3766 975 3838 apud
997 3767 1103 3822 litteras
1121 3773 1262 3822 servatum
1282 3766 1350 3822 mihi
1370 3773 1511 3822 ostensum
1531 3771 1562 3820 et
1582 3782 1628 3837 per

520 3846 673 3902 moricum
692 3853 742 3906 cst,
1682 3851 1683 3954 2

1682 3937 1683 3988 2

471 3951 582 4006 uua:
601 3951 737 4007 osaea
760 3951 845 4020 uuff
860 3951 903 4018 rr,
922 3953 978 4007 ιιι.

401 4079 439 4142 In
460 4081 589 4144 nomine
611 4081 741 4144 domiui
772 4083 885 4144 Amen.
927 4079 994 4142 Nos
1016 4079 1103 4142 (lunt
1105 4080 1200 4143 herus
1227 4079 1277 4142 dei
1300 4080 1402 4162 gratia
1422 4078 1629 4143 vicedomnus
1682 4037 1683 4152 2

324 4169 585 4234 Alberstadeusis
614 4171 871 4254 recognoscimus
901 4176 931 4232 et
958 4176 1066 4232 tenore
1093 4170 1289 4252 presentium
1316 4170 1519 4238 confitemur
1545 4168 1683 4258 nurui
1682 4155 1683 4214 2

321 4257 528 4323 Hermaunus
548 4261 646 4325 irater
666 4268 782 4336 noster
802 4261 976 4322 canonicus
997 4258 1274 4341 Nuenburgeusis
1297 4259 1426 4322 domino
1447 4257 1630 4322 Reiulrurdo
1682 4271 1683 4372 2

322 4347 427 4411 abbati
449 4349 648 4414 Portensiet
673 4351 846 4414 conventui
868 4347 1012 4412 eiusdem
1034 4348 1166 4412 ecclesie
1189 4348 1268 4412 duas
1290 4367 1414 4412 marcas
1434 4348 1533 4412 annui
1556 4367 1631 4412 cen·
1682 4351 1683 4450 2

322 4457 390 4506 sus
420 4457 499 4520 quas
525 4440 658 4522 singulis
685 4441 776 4502 curris
803 4438 980 4520 aquodam
1003 4437 1121 4500 rustico
1141 4436 1334 4501 Theoderico
1357 4438 1441 4501 dicto
1462 4436 1631 4501 Advocato
1682 4411 1683 4492 2

321 4530 484 4612 percipere
512 4531 714 4592 consuevit
707 4550 739 4591 m
768 4529 842 4591 villa
873 4527 971 4610 Popal
998 4525 1038 4588 ad
1063 4527 1200 4590 eundem
1222 4526 1473 4591 Hermannum'
1465 4545 1536 4590 rure
1560 4547 1633 4612 pio·
