3390 5148
570 404 621 468 Νι.
634 407 782 469 235-23Ἰ.
804 403 879 470 lara.
1324 403 1377 466 243

148 558 187 623 In
215 561 345 624 nomine
374 560 504 624 domini.
537 563 649 626 Amen.
697 562 849 626 Albertus
881 561 930 625 dei
962 562 1064 643 gratia
1091 561 1264 644 Thuringie
1295 561 1376 625 lant·

82 650 198 728 pavlus
218 655 251 714 et
272 649 411 714 Saxonis
432 669 540 713 comes
559 651 720 734 palatinus
740 653 899 716 universis
911 651 1027 714 Christi
1048 650 1198 714 fidelibus
1218 653 1252 714 in
1266 669 1377 734 perpe-

82 743 167 800 tuum.
219 741 315 823 Apud
343 741 508 803 domiuum
535 740 767 804 dominantium
793 747 902 805 eterne
929 760 987 804 nos
1015 737 1281 804 remunerationis
1307 759 1378 824 pre·

81 829 169 890 mium
191 836 420 894 consecuturos
442 849 616 913 speramus,
637 831 663 894 si
686 830 899 894 benivolentia
921 831 1039 894 affectu
1054 830 1273 913 religiosorum
1292 831 1378 894 utili-

82 917 188 981 tatibus
207 920 404 982 consulimus
426 926 458 983 et
479 939 590 984 eorum
612 922 775 984 securitati
796 919 928 998 cautela,
951 939 1014 1000 qua
1030 939 1207 1002 possumus,
1230 922 1262 982 in
1274 927 1378 1004 poste-

82 1023 144 1067 rum
174 1007 389 1088 providemus,
441 1009 599 1074 Fidelium
628 1011 736 1093 itaque
768 1010 969 1073 universitati
1003 1015 1066 1072 tam
1100 1011 1256 1093 presentis
1287 1011 1379 1074 etatis

83 1111 168 1173 quam
195 1095 303 1161 tumre
330 1099 523 1180 posteritatis
546 1099 750 1162 manifestum
778 1099 1036 1174 essevolumus,
1063 1097 1148 1179 quod
1173 1098 1379 1162 Hermannus

84 1183 165 1248 miles
185 1186 289 1249 dictus
307 1186 346 1250 de
364 1186 561 1270 Ebersberg·
581 1189 674 1252 nobis
694 1189 896 1272 presentibus
917 1194 949 1251 et
970 1186 1078 1250 multis
1093 1187 1172 1264 aliis,
1193 1188 1278 1252 inter
1298 1207 1379 1269 qrrcs

82 1271 201 1338 fuemnt
231 1275 404 1340 Heinricus
436 1277 475 1340 de
507 1277 667 1356 Glizberc,
702 1277 855 1342 ailbertus
886 1276 1039 1354 BuleruS,
1070 1275 1207 1340 Siiridus
1234 1277 1272 1340 dc
1300 1278 1379 1342 Hol-

83 1364 218 1444 gartlren,
244 1366 469 1450 proprietatem
497 1368 674 1448 quandam,
702 1387 848 1430 mansum
876 1365 1024 1436 videlket
1050 1371 1082 1430 et
1110 1365 1276 1430 dimidium
1305 1388 1379 1432 cum

83 1453 167 1516 vinea
187 1455 227 1518 ad
248 1457 350 1538 ipsam
372 1457 560 1538 pertinente,
582 1459 615 1519 in
637 1476 717 1540 pago
739 1457 823 1532 ville,
848 1475 909 1538 que
931 1456 1107 1537 antiquitus
1122 1454 1274 1540 Dampsla
1295 1458 1380 1522 dice·

82 1539 194 1621 baturl,
226 1544 360 1608 ecclesie
395 1544 542 1609 Portensi
576 1545 635 1609 sub
666 1547 768 1628 tytulo
801 1544 979 1608 concambii
1007 1545 1155 1622 contulit,
1188 1547 1379 1629 precedente

82 1649 229 1696 consensu
255 1635 367 1698 uxoris
396 1640 428 1698 at
455 1634 630 1698 liberorum
655 1635 756 1719 ipsius
785 1635 992 1715 omniumque
1015 1634 1207 1698 coheredum
1230 1636 1379 1718 ipsorum,

83 1722 270 1800 quidudum
292 1725 326 1786 in
349 1723 633 1806 Ekkehardesberg
655 1744 812 1788 unacum
836 1724 958 1806 prefato
980 1721 1056 1786 Her.
1079 1743 1186 1786 coram
1201 1723 1379 1789 Wernhero

83 1811 206 1876 sculteto
224 1820 344 1892 nostro,
364 1813 517 1878 Heinrico
540 1814 578 1876 de
601 1813 819 1896 Sconenberg,
838 1813 1031 1876 Theoderico
1055 1811 1093 1876 de
1115 1811 1228 1876 Lesten
1252 1817 1379 1878 ceteris-

83 1918 140 1980 que
171 1904 349 1966 castellanis
382 1905 500 1967 nostris
532 1903 650 1967 ibidem
682 1903 765 1966 bona
802 1904 945 1987 predicta
975 1902 1171 1965 tradiderant
1201 1905 1265 1966 iam
1296 1905 1386 1968 dicte·

83 1991 221 2072 ecclesie,
249 2013 306 2077 pro
335 1993 452 2076 quibus
477 1995 591 2057 fratres
614 1994 757 2057 eiusdem
786 2011 860 2076 sepe
890 1992 973 2054 dicto
1003 1990 1095 2069 Her,
1131 1993 1223 2054 uxori
1251 1994 1321 2056 eius
1349 2000 1381 2057 et

83 2078 181 2144 liberis
205 2103 352 2147 mansum
379 2103 480 2146 umam
508 2085 541 2146 in
570 2083 663 2146 Sulze
690 2103 746 2166 pro
767 2092 808 2146 IX
829 2083 944 2146 marcis
965 2087 1243 2166 comparaverunt,
1269 2083 1380 2146 dantes

81 2168 202 2254 insuper
218 2175 304 2258 ,xxl
332 2179 363 2236 ct
391 2183 434 2234 νῦ
460 2193 598 2252 marcae,
621 2191 701 2254 quas
722 2173 761 2235 ab
783 2172 860 2255 ipsis
882 2171 1080 2254 integraliter
1100 2185 1290 2254 receperunt
1312 2174 1379 2236 sinc

83 2257 219 2343 dampno.
262 2262 384 2326 Verum
414 2269 449 2326 ut
474 2263 568 2326 buius
596 2262 774 2325 concambii
794 2263 983 2326 constitucio
1004 2260 1198 2325 inviolabilis
1219 2263 1380 2346 perpetuis

83 2351 268 2434 temporibus
296 2357 481 2435 permaneat
507 2357 539 2416 et
567 2352 769 2428 inconvulsa,
799 2357 978 2434 presentem
1000 2349 1139 2413 litteram
1162 2351 1258 2433 sigilli
1279 2353 1380 2414 nostri

83 2436 269 2520 inpressione
291 2443 488 2524 signavimus
510 2447 541 2505 et
562 2442 761 2522 ,vdonecnrm
778 2443 906 2504 testium
918 2441 1098 2503 testimonio
1110 2441 1381 2518 confirmavimus,

83 2545 208 2606 quarum
221 2531 352 2593 nomina
363 2537 438 2594 sunt
448 2532 630 2615 prescripta.
652 2535 734 2594 Acta
745 2536 820 2593 sunt
829 2531 887 2593 hec
898 2549 982 2592 anuo
995 2530 1115 2593 domiui
1126 2530 1380 2599 M⁰CC⁰LXX⁰11⁰2

84 2616 111 2676 in
132 2619 237 2700 vigilia
259 2619 341 2682 beati
369 2619 536 2684 Valentini.
1071 2653 1073 2658 ⁸

145 2750 321 2836 ³l1ellsllgD
392 2743 577 2808 t’vocabatur
597 2754 623 2806 T

83 3055 180 3139 1272.
209 3056 335 3158 April
358 3061 396 3143 3.
424 3057 586 3141 Plorte.
620 3119 622 3124 -
930 3123 931 3126 a
1293 3061 1378 3144 237.

155 3173 298 3255 adeat
317 3192 493 3274 maryres
508 3213 566 3257 von
590 3191 773 3275 ramittam
797 3195 937 3276 amaea
957 3194 1026 3258 aaa
1046 3193 1174 3260 auster
1194 3199 1301 3278 rfaa
1320 3198 1380 3261 aa

117 3279 222 3346 Besita
240 3281 296 3345 aar
319 3281 462 3347 Gericlvte
481 3284 517 3346 ira
538 3281 764 3365 Flernminpcvv.

225 3419 360 3479 uacua:
381 3419 427 3476 Or.
442 3417 515 3486 Perp.
534 3435 584 3472 aon
603 3417 743 3472 Portarum
761 3418 849 3472 Haud
869 3420 930 3487 (apl.
949 3419 1029 3473 Poeta
1046 3421 1086 3478 19.
1106 3423 1160 3488 58).
1191 3420 1236 3488 Sp.
1254 3421 1379 3480 cerlorcn.

273 3499 372 3566 Pscrte,
392 3497 542 3552 Bibliotbcla
559 3497 594 3555 B.
605 3503 646 3556 10.
667 3527 699 3536 -
717 3488 812 3552 Dddl
831 3498 882 3563 (tit.
893 3497 1069 3569 Flamingen)
1089 3500 1147 3553 arad
1165 3500 1309 3568 ambracia,
1330 3519 1381 3555 von

272 3579 345 3632 einer
355 3576 441 3632 Hand
451 3577 496 3632 dea
515 3581 556 3632 14.
567 3577 674 3644 Jaara,
694 3577 774 3634 D52.
797 3577 880 3632 Troe
897 3577 956 3630 arad
973 3579 1118 3645 noclrmula,
1137 3580 1199 3634 aber
1210 3580 1382 3636 ronanderer

272 3658 368 3724 Hand,
388 3657 619 3727 durcltpcotricben
637 3657 696 3710 aaa
713 3657 943 3725 chnchadvisera
960 3656 1174 3728 Beplcubrpany,
1196 3659 1296 3714 Taac.

223 3765 336 3897 Dmlah.
353 3764 491 3898 Dcpvpacb:
518 3765 599 3830 Wolff
614 3762 656 3830 ΙΙ,
676 3767 735 3818 180.
771 3763 827 3833 vat.
846 3781 870 3819 u.
886 3764 1034 3834 Scbdrtbm
1051 3769 1110 3820 159.
1146 3765 1269 3832 Barbam,
1288 3765 1380 3820 Nacta·

274 3845 315 3900 n'c
334 3851 378 3898 aa
429 3848 500 3910 ,aa

154 3967 306 4032 Albertua
333 3967 383 4032 dei
410 3969 516 4050 gracia
540 3967 711 4049 Thuringie
736 3966 933 4049 lantgravius
955 3971 987 4030 et
1008 3965 1146 4030 Saxonis
1168 3987 1275 4030 comes
1294 3967 1380 4050 pala·

77 4053 159 4117 tinus
196 4055 345 4120 omnibus
375 4057 409 4119 in
440 4061 638 4140 perpetuum.
690 4055 847 4119 Noverint
873 4057 1030 4133 universi,
1066 4057 1105 4119 ad
1141 4075 1221 4138 quos
1249 4075 1381 4139 presens

79 4144 229 4228 scriptum
259 4147 456 4230 pervenerit,
487 4147 572 4228 quod
605 4165 663 4209 nos
695 4147 816 4209 curiam
846 4153 879 4208 et
908 4145 1018 4208 villam
1044 4146 1236 4228 Vlamingen
1264 4147 1380 4209 dictam

76 4233 197 4298 abbatis
215 4243 247 4300 et
263 4243 440 4299 conventus
457 4236 659 4300 Portensium
678 4235 717 4300 ab
740 4237 825 4299 amni
847 4236 1014 4299 exactione
1035 4235 1179 4298 iudicum
1201 4242 1380 4299 nostrorum

76 4329 104 4384 et
123 4327 310 4406 gravamine
337 4324 470 4389 liberam
498 4327 724 4408 relinquimus,
746 4328 829 4390 sicut
849 4327 912 4388 iam
934 4325 1009 4388 dicti
1033 4323 1130 4388 abbas
1152 4331 1184 4390 et
1205 4331 1382 4390 conventus

78 4411 237 4478 Portensis
266 4415 306 4478 ab
335 4416 466 4496 antiquo
496 4416 558 4480 iam
586 4417 700 4479 dictam
733 4416 840 4480 villam
862 4417 968 4498 quieta
989 4421 1021 4478 at
1042 4413 1140 4478 libere
1161 4416 1380 4503 possederunt,

76 4501 114 4563 ita
155 4509 195 4566 ut
224 4504 333 4567 nullus
363 4505 507 4568 iudicum
548 4511 730 4569 nostrorum
768 4506 907 4586 aliquam
938 4523 1082 4582 oarrsam,
1121 4505 1221 4567 eciam
1252 4523 1382 4568 causam

76 4594 255 4677 sanguinis,
283 4594 317 4658 in
345 4595 421 4658 villa
449 4595 590 4679 predicta
618 4595 739 4659 iudicet
759 4595 810 4658 vel
834 4595 1009 4672 examinet,
1030 4594 1086 4657 sed
1105 4598 1207 4658 totum
1226 4595 1381 4658 iudicium

1128 4701 1181 4756 16*
