3400 5148
558 440 765 499 Nr.125-127.
785 443 860 499 1250.
1315 443 1364 500 149

143 594 345 658 Hermannus
365 593 415 659 dei
437 594 557 696 gratia
560 595 735 679 episcopus
757 593 970 676 Marquardus
991 595 1178 678 prepositus
1198 593 1363 660 Arncldus

90 684 241 749 dscanust
228 691 393 789 totumque
422 689 506 768 caprt
484 685 596 747 'tulum
624 684 865 768 Herbipolensis
900 685 1034 749 ecclesie
1059 685 1219 750 universis
1247 685 1363 750 Christi

88 775 244 838 lidelibns
236 795 270 837 ιιι
296 780 493 859 perpetuum.
543 775 700 850 Quoniam
727 776 900 838 necessitas
925 783 957 837 et
982 775 1158 876 indigentia
1185 779 1363 840 conventus

88 865 345 928 smctimonialium
368 864 493 928 cenobii
515 870 622 928 sancte
644 865 822 946 Margarete
843 865 977 945 virginis
998 865 1031 926 in
1050 863 1362 942 Wechterswinkele.

88 973 141 1034 quas
166 955 374 1038 paciebantur
401 975 498 1038 super
522 957 611 1038 gravi
640 960 672 1017 et
659 953 902 1017 tintollerabili
930 973 1025 1016 onere
1054 953 1142 1017 debit
1129 958 1248 1032 torum,
1276 929 1362 1036 quod

86 1063 123 1125 per
149 1045 383 1108 distractionem
414 1044 580 1108 mobilium
611 1045 662 1108 vel
691 1045 785 1108 etiam
814 1063 870 1126 per
895 1044 1212 1126 supererogacionem
1242 1063 1363 1108 usuum

86 1135 290 1198 cotidianarum
317 1136 542 1199 necessitatum
568 1134 711 1198 eiusdem
738 1133 863 1216 collegii
889 1133 1024 1196 relevari
1054 1153 1117 1196 non
1147 1138 1270 1217 poterat
1295 1134 1361 1197 ullo

84 1226 163 1304 nodo,
182 1227 222 1288 ad
237 1231 378 1289 nostram
399 1227 549 1288 noticiam
571 1223 709 1286 multum
730 1230 761 1288 et
783 1224 889 1306 sepius
911 1223 974 1286 sint
994 1223 1123 1306 perlate,
1142 1222 1362 1287 consuluimus

84 1314 144 1396 ipsis
163 1321 198 1379 ιιι
218 1335 276 1399 per
297 1315 521 1379 alienationem
541 1312 752 1376 immobilium
777 1332 810 1376 se
830 1332 849 1375 a
870 1313 985 1376 debitis
1007 1311 1187 1377 liberarent
1219 1313 1361 1396 Ideoque

83 1403 280 1469 alienationem
307 1405 382 1469 ville
409 1407 441 1468 in
463 1403 611 1468 Lutental
640 1407 671 1466 et
699 1404 796 1466 trium
816 1422 1001 1467 mansorum
1024 1403 1157 1466 sitorum
1178 1404 1213 1465 in
1233 1403 1310 1466 villa
1330 1409 1362 1467 et

82 1511 139 1576 pago
159 1494 377 1558 Sasseuhusen
397 1493 542 1558 Portensi
563 1493 756 1555 monasterio
777 1491 979 1556 venditorum
998 1497 1114 1570 ratam,
1136 1498 1257 1576 gratam
1279 1495 1361 1575 geri-

82 1601 132 1646 nus
151 1591 181 1647 et
201 1590 371 1667 acceptam,
395 1584 544 1665 quoniam
566 1585 651 1646 inter
671 1583 779 1646 omnia
798 1582 974 1645 immobilia
993 1583 1127 1665 predicti
1149 1582 1274 1645 cenobii
1295 1601 1359 1644 non

81 1675 159 1750 potnit
175 1674 237 1736 alia
257 1675 329 1736 fieri
351 1674 499 1736 alienatio
521 1675 628 1736 minus
650 1673 824 1755 dampnosa
845 1692 901 1754 pro
924 1672 1052 1750 debitis,
1078 1673 1111 1734 in
1134 1671 1251 1753 quibus
1272 1679 1360 1735 tene·

79 1758 184 1840 banau,
211 1765 333 1846 integre
360 1762 586 1845 persolvendis.
629 1761 711 1825 Sane
738 1768 774 1825 ut
801 1781 897 1844 snper
917 1760 1139 1826 ratihabitione
1160 1769 1269 1824 nostra
1290 1780 1360 1844 pre-

80 1853 173 1934 scripta
199 1873 261 1915 non
288 1855 388 1936 possit
414 1855 446 1914 in
474 1859 635 1934 posterum
667 1851 799 1914 dubium
826 1851 977 1928 suboriri,
1003 1871 1099 1933 super
1123 1871 1162 1914 ea
1180 1857 1359 1934 presentem

79 1943 202 2021 paginam
245 1943 455 2026 conscriptam
498 1943 674 2024 sigillorum
709 1947 889 2004 nostrorum
927 1941 1173 2024 appensionibus
1208 1941 1360 2004 iussimus

79 2033 271 2096 communiri.
313 2032 431 2096 Datum
452 2031 635 2115 Herbipolis
656 2049 739 2094 anno
764 2031 883 2096 domini
903 2031 1076 2111 M⁰co⁰L⁰,
1100 2049 1186 2095 nono
1207 2030 1359 2096 kalendas

77 2117 141 2200 ιιιιι,
160 2129 269 2187 octove
289 2123 481 2186 indictionis.

130 2247 277 2302 lroborari
299 2247 323 2301 T

575 2353 826 2364 ..μ-*ιι

76 2492 171 2578 libb.
197 2495 306 2581 Junl
332 2496 396 2579 28.
683 2501 690 2514 “
1274 2496 1357 2582 127.

139 2654 234 2718 Siboto
255 2656 376 2735 [tepet
398 2653 540 2718 Raram
560 2653 728 2728 Aebdissia,
752 2651 883 2731 Hedwip
899 2651 1026 2715 Priario
1046 2653 1116 2716 amd
1135 2653 1191 2718 der
1213 2653 1359 2720 Koaoent

101 2745 151 2806 das
176 2743 437 2809 Ncnaenlrloslers
460 2763 501 2808 aa
525 2741 789 2808 Waebtcrewinkel
815 2742 989 2817 bairandam,
1021 2743 1096 2805 dass
1126 2743 1171 2806 sia
1200 2743 1357 2808 smmum

101 2831 199 2896 baldat
227 2834 288 2898 das
314 2831 403 2916 Dorf
426 2832 611 2897 laetarum
641 2833 709 2895 aad
742 2830 944 2912 ellasar
934 2851 967 2894 m
998 2833 1253 2897 Sacbsmbcusen
1288 2835 1357 2898 dean

101 2919 217 2986 Klostcr
239 2922 347 3004 Pfcrte
366 2923 513 3005 vakaafl
532 2923 601 2986 aad
622 2921 788 3003 alberpcbcn
807 2922 915 2985 baben.

204 3071 340 3130 uana:
358 3071 388 3126 ιι
408 3075 443 3126 ιι
460 3074 512 3140 (ιι
525 3071 677 3142 numm).

202 3177 315 3232 nauca
332 3177 468 3234 casca.-
494 3179 577 3246 aaa
591 3178 633 3244 ιι,
652 3182 695 3233 51.

136 3303 347 3370 Permissicne
373 3306 479 3368 divina
507 3305 844 3390 bvbootprepositns',
871 3303 1025 3368 Bercbta1
1051 3305 1222 3384 abbatissa
1249 3307 1355 3371 Hede-

72 3391 145 3470 uiais
168 3395 318 3478 priorissa
345 3400 510 3495 totumque
537 3394 705 3477 collegium
735 3395 1021 3457 sanctimonialium
1049 3401 1156 3459 sancte
1178 3395 1354 3478 Margarcte

70 3476 377 3548 rrueehrerswnele
388 3483 463 3564 (sac)
479 3504 637 3548 unrversrs
649 3484 765 3547 Ohnstr
774 3483 965 3547 fidelrbusrn
976 3489 1172 3568 perpetuum
1195 3484 1275 3548 Cum
1296 3505 1354 3549 nos

70 3575 91 3630 rt
115 3573 280 3637 cenobium
311 3579 453 3638 nostrum
480 3575 543 3638 eris
574 3573 668 3637 alieni
702 3593 798 3637 onere
828 3575 1015 3656 gravissimo
1047 3593 1264 3656 premeremur
1294 3595 1354 3638 nee

69 3675 151 3736 penes
171 3682 229 3726 nos
248 3664 404 3728 haberent
392 3669 444 3727 tur
467 3664 605 3741 mobilia,
625 3684 681 3748 per
703 3682 839 3745 quorum
864 3663 926 3728 dist
914 3664 1098 3727 tractionem
1125 3683 1143 3728 a
1163 3664 1246 3728 mole
1269 3664 1357 3727 debi-

69 3754 157 3812 lorum
183 3753 281 3816 eximi
311 3759 343 3817 et
369 3755 537 3818 exonerari
563 3772 728 3836 possemus
754 3771 814 3816 nec
842 3753 936 3816 etiam
969 3753 1081 3816 usibus
1112 3754 1357 3818 cottidianarum

68 3841 275 3905 necessitatum
298 3847 477 3906 nostrarum
501 3861 727 3926 supererogare
750 3861 786 3907 ac
808 3842 1028 3906 subtraberet
1015 3849 1138 3906 tantum
1160 3845 1357 3927 potuerimus

68 3931 316 4023 quoquomodo,
344 3933 430 4013 quod
457 3951 498 3995 ιιι
524 3931 584 3994 hoc
610 3931 716 3994 debita
736 3933 941 4014 perurgentis
962 3931 1123 3995 solverent
1110 3937 1175 4009 tur,
1203 3932 1358 3996 delibera·

68 4013 138 4081 tione
159 4021 364 4104 consiliisque
386 4021 581 4084 multimodis
603 4021 717 4083 habitis
739 4022 778 4084 ad
794 4022 1017 4085 alienationem
1036 4022 1237 4085 immobilium
1250 4023 1357 4086 decre-

68 4104 158 4171 limus
193 4106 426 4174 declinandum.
479 4111 624 4192 Cumque
660 4112 707 4173 int
708 4129 743 4173 er
773 4112 879 4174 omnia
910 4110 1074 4174 inmobilia
1106 4112 1219 4175 domus
1249 4120 1357 4176 nostre

69 4191 200 4262 alienatio
226 4201 300 4264 ville
319 4199 435 4264 Lutent
436 4201 466 4263 al
493 4201 599 4263 minus
620 4201 802 4303 dampnosa
827 4200 982 4266 iudicaret
970 4207 1023 4264 tur
1049 4202 1088 4263 ab
1116 4201 1305 4264 omnibust
1292 4205 1357 4264 tarn

69 4281 226 4367 collegiatis
252 4309 349 4372 quam
376 4293 470 4354 etiarn
500 4291 538 4353 ab
566 4291 675 4354 amicis
705 4296 737 4353 et
724 4291 971 4353 tlamiliaribus
996 4291 1126 4355 claustri
1152 4290 1268 4369 nostri,
1293 4291 1357 4354 iarn

70 4368 170 4438 dictam
187 4379 291 4442 villam
313 4381 504 4443 monasterio
521 4379 667 4444 Portensi
687 4378 917 4459 Cysterciensis
938 4380 1071 4459 ordinis,
1092 4380 1358 4464 Nuenburgensis

71 4457 214 4548 diocesis,
244 4469 448 4534 vendidimus
474 4489 531 4554 pro
561 4479 623 4534 CCC
644 4473 676 4532 ct
703 4478 805 4533 XXX·
836 4471 951 4533 marcis
982 4472 1105 4553 argenti
1135 4471 1296 4533 communi
1327 4476 1359 4534 et

71 4555 198 4619 unanimi
226 4559 337 4622 volunt
323 4563 396 4623 t.ate
442 4559 624 4624 decedente
595 4567 721 4641 tergo
745 4560 887 4622 omnium
909 4565 1054 4623 nostrum
1076 4559 1226 4624 concordi
1247 4563 1357 4624 conni-

73 4642 165 4706 ventia
198 4653 229 4710 et
262 4669 421 4714 consensu
461 4651 528 4730 ius,
571 4649 759 4728 dominium,
794 4651 1018 4734 proprietatem
1056 4655 1088 4715 et
1123 4650 1356 4735 possessionem
