3392 5150
573 395 622 456 Nr.
634 397 780 456 825-326.
802 397 877 452 1297.
1325 397 1377 452 813

269 555 390 683 pvumguta
412 549 463 604 mit
485 549 544 603 dem
563 549 646 618 eleari
663 549 700 604 iet
719 549 875 618 0190010100.
905 547 1071 618 Muodebury
1086 547 1126 606 St.
1137 548 1171 606 Δ,
1181 547 1283 616 Erfurt
1294 547 1329 602 B.
1339 547 1378 614 X,

300 645 321 683 r.
351 635 374 687 7.

224 734 400 803 Unpadmctt.

146 857 214 922 Nos
235 857 387 922 Albertus
419 859 471 922 dei
497 860 599 940 gratia
619 857 790 942 Thuringie
817 859 1016 942 lantgravius
1044 865 1075 923 et
1105 857 1243 922 Saxonie
1270 878 1377 921 comes

82 947 227 1028 palatinus
256 945 538 1030 [recolgnoscinrus
562 949 596 1010 in
623 948 684 1011 biis
712 948 838 1031 scriptis
868 953 900 1011 et
927 948 968 1010 ad
997 948 1196 1030 singulorum
1223 949 1376 1024 rounam,

83 1037 185 1116 quibus
206 1055 338 1119 presens
358 1038 511 1120 scriptum
534 1037 711 1100 exhibitum
729 1037 838 1114 fuerit,
865 1038 1012 1120 apercius
1033 1039 1180 1120 cupimus
1201 1038 1377 1121 pervenire,

83 1121 178 1206 qlnod]
205 1127 396 1190 constitutus
422 1127 454 1188 in
483 1135 591 1190 nostra
617 1128 776 1208 presentia
797 1134 968 1190 strennuus
990 1128 1081 1191 miles
1102 1126 1316 1192 Heidenricus
1338 1125 1377 1189 de

83 1212 206 1296 Gro[est]
236 1235 293 1298 pro
322 1234 356 1278 se
384 1220 415 1279 et
440 1236 497 1299 pro
523 1216 674 1280 Bertoldo
703 1215 741 1279 ds
764 1215 878 1280 Groest
907 1235 965 1280 suo
990 1217 1102 1295 100100,
1133 1222 1242 1280 nostro
1268 1215 1378 1294 milite,

82 1303 236 1368 dimidium
265 1323 410 1368 mansum
437 1306 469 1367 in
494 1305 614 1387 campis
636 1305 709 1368 ville
730 1305 899 1369 Ηο001011
922 1307 1033 1384 situm,
1062 1326 1156 1388 quern
1179 1326 1198 1368 a
1218 1305 1310 1370 nobis
1332 1303 1377 1387 [in

81 1393 176 1471 leudo]
206 1393 402 1474 habuerunt,
427 1394 520 1458 nobis
547 1395 645 1458 libere
672 1399 703 1458 et
732 1395 910 1460 voluntarie
934 1393 1140 1479 resig[navit].
1181 1395 1248 1460 Nos
1269 1396 1377 1477 itaque

82 1482 113 1544 ob
128 1484 254 1548 laudern
270 1489 302 1546 et
317 1485 470 1548 bonorem
487 1485 538 1548 dei
554 1484 779 1568 omnipotentis
791 1504 851 1548 nec
870 1504 935 1548 non
957 1485 1067 1550 beate·
1088 1485 1221 1569 virginis
1243 1481 1287 1566 [et
1313 1482 1377 1566 dei]

81 1574 230 1652 genitricis
258 1574 371 1638 dilecte
396 1574 488 1638 etad
509 1575 696 1638 instanciam
719 1581 751 1638 et
772 1573 986 1658 [peticionem]
1007 1575 1221 1660 predictorum
1242 1574 1377 1638 fratrum

82 1663 242 1727 studiosam
280 1666 385 1748 ipsum
423 1663 590 1727 dimidium
622 1684 768 1728 mansum
800 1665 1004 1743 donavimus,
1040 1665 1315 1750 appropriavimus
1346 1668 1378 1728 et

82 1754 270 1833 presentibus
296 1754 329 1816 in
351 1755 514 1838 proprium
535 1755 647 1818 damus
669 1754 807 1820 claustro
828 1761 860 1820 et
878 1757 1050 1820 conventui
1071 1756 1206 1818 fratrum
1226 1756 1259 1817 in
1281 1754 1378 1818 Porta

82 1842 189 1907 ordinis
209 1843 449 1924 Cysteroiensis.
491 1843 532 1908 Et
552 1863 593 1909 ne
615 1849 721 1908 nostre
742 1844 941 1908 liberalitatis
961 1845 1090 1907 donatio
1112 1850 1144 1908 et
1164 1843 1376 1927 appropriatio

81 1951 129 2012 per
147 1953 204 1996 uos
225 1935 284 1996 rite
303 1938 336 1997 et
356 1933 586 1997 rationabiliter
607 1931 712 2016 [facta]
742 1935 781 1998 ab
811 1935 918 2016 aliquo
938 1935 971 1997 in
994 1939 1156 2020 posterum
1177 1934 1377 2016 infringatur,

82 2021 154 2085 dicto
170 2023 308 2086 claustro
324 2022 420 2086 Porta
436 2027 576 2087 nostram
595 2023 732 2087 litteram
747 2024 885 2108 desuper
900 2025 1111 2108 conscriptam
1123 2023 1270 2087 dedimus
1281 2023 1375 2106 sigilli

83 2114 170 2175 nostri
184 2110 403 2197 [applausione
421 2113 649 2177 confirmatam.
675 2114 783 2178 Testes
800 2115 895 2178 huius
907 2120 1013 2179 nostre
1025 2114 1289 2199 appropriationis
1303 2117 1378 2176 sunt

81 2199 203 2266 llatbias
224 2204 313 2266 curie
334 2209 442 2267 nostre
462 2203 719 2287 prothonotarius
740 2195 1377 2286 01001οο010110]0001001010110001000,

82 2289 261 2356 Cristoforus
290 2293 328 2356 de
350 2291 490 2370 Litznilr,
517 2292 595 2374 Tylo
624 2292 663 2356 de
684 2293 869 2378 Mersburg‚
897 2295 1044 2378 Rucbopt
1068 2294 1108 2358 de
1129 2292 1230 2356 Nesze
1252 2291 1377 2370 milites,

82 2379 306 2464 111110010010]2
333 2429 446 2444 ......
471 2383 585 2446 001001
611 2383 698 2447 curie
725 2389 841 2447 nostre.
885 2384 1000 2448 Actum
1026 2391 1058 2447 et
1079 2383 1188 2446 datum
1209 2381 1377 2445 Wartbero

81 2488 155 2532 anno
175 2472 295 2535 domini
317 2481 432 2535 M⁰CC⁰
452 2473 658 2556 nonagesimo
680 2474 829 2558 septimo,
915 2474 1035 2538 Marcii.

142 2622 152 2650 ³
169 2621 247 2677 beate
266 2623 341 2677 nieht
357 2639 427 2692 paru
444 2625 529 2678 010100

88 2825 128 2878 Π
144 2747 311 2883 ῙΡοῖιιιῗέιέιρ
328 2751 489 2806 Huucntbul
505 2753 546 2806 bai
562 2753 709 2807 Buttutedt.
764 2752 973 2808 Warmutblicb
991 2753 1114 2809 Wlbalrn
1136 2771 1185 2810 rna
1210 2753 1375 2808 ll'cr'ssenaee.

105 2843 135 2894 9·
285 2874 291 2895 ι

85 3077 184 3162 taut.
212 3081 329 3163 Maru
357 3084 418 3165 15.
1283 3089 1375 3174 aad.

152 3237 267 3303 Bruno
293 3239 431 3322 Biacbof
450 3261 509 3305 oon
538 3241 728 3326 Nuumbury
756 3247 919 3324 10100οᾱ01,
949 3248 1025 3310 dues
1050 3249 1109 3311 ctos
1130 3247 1378 3311 Noouanklostar

118 3347 156 3390 au
168 3328 459 3394 Fraukanbauscnl
474 3331 605 3396 3Marlo
618 3333 792 3414 juurticter
802 3336 978 3416 Einlfiustc
997 3336 1033 3400 iu
1046 3337 1209 3418 Giritafrtr
1225 3341 1270 3402 27
1278 3337 1378 3400 Murio

115 3438 155 3480 ou
174 3419 232 3482 dos
252 3419 376 3484 Kbster
395 3421 505 3503 Hune
520 3423 667 3505 ualuruft
686 3425 769 3490 brebe.
810 3427 875 3507 Vqr.
896 3425 956 3490 Nr.
971 3432 1046 3494 327.

219 3581 354 3640 Hilerda:
373 3582 403 3636 D
416 3573 472 3636 87¹³
489 3585 541 3652 (tit.
553 3583 662 3646 Extra).

220 3709 336 3764 maur.-
355 3709 490 3764 uaeu:
518 3710 651 3780 waffrr,
668 3717 729 3772 aaa.

152 3854 217 3918 Nos
230 3855 339 3919 Bruno
358 3855 410 3918 dei
431 3857 539 3938 gracia
554 3856 815 3944 Nuenborgensis
841 3865 1009 3946 episcopus
1035 3864 1293 3945 recognoscimus
1321 3882 1378 3944 pu-

85 3937 155 4007 blice
175 3949 285 4008 tenore
305 3946 515 4028 presenoirun,
538 3948 624 4028 quod
646 3948 794 4014 deminus
818 3952 1021 4016 Eberhardus
1042 3954 1228 4036 prepositus,
1250 3953 1379 4015 domina

83 4029 180 4114 ignes
200 4033 360 4098 abbatissa
381 4039 530 4117 totusque
552 4045 729 4102 conventus
750 4042 1038 4106 sanctimonialium
1060 4043 1093 4105 in
1115 4041 1378 4106 Frankinbusenl

83 4127 177 4186 nostre
206 4124 342 4188 diocesis
372 4125 525 4206 requisito
551 4133 659 4191 nostro
691 4149 851 4194 consensu
881 4131 1041 4214 legitimo·
1070 4138 1102 4195 et
1125 4131 1254 4196 obtento
1283 4132 1378 4194 trium

84 4226 249 4276 marcarum
277 4213 420 4276 redditus
445 4214 646 4298 proprietatis
674 4220 807 4284 ecclesie
829 4241 886 4286 sue
909 4223 967 4286 site
988 4223 1022 4284 in
1044 4219 1165 4284 Ciricn²
1188 4221 1379 4284 monasterio

84 4297 185 4366 (lomus
202 4303 337 4366 fratrum
353 4303 387 4366 in
400 4303 496 4368 Porta
511 4325 584 4370 cum
604 4309 690 4372 omni
707 4311 785 4390 iure,
808 4311 898 4375 sicud
920 4312 1074 4374 hactenus
1095 4310 1196 4374 dictos
1218 4310 1380 4373 redditusb

84 4392 254 4473 tonuerunt,
281 4415 339 4477 pro
371 4403 481 4458 XXVII
511 4398 628 4462 marcis
658 4401 781 4482 argenti
812 4402 896 4464 iusto
923 4401 1099 4484 empcionis
1125 4407 1157 4463 et
1183 4400 1381 4464 vendicionis

84 4479 164 4546 titulo
182 4485 414 4553 interveniente
427 4489 642 4553 vendiderunt
664 4495 816 4581 perpetuo
838 4490 1055 4574 possidendos.
1089 4489 1189 4566 Quam
1210 4489 1380 4572 pecuniam

84 4577 264 4658 prepositus,
298 4577 458 4642 abbatissa
489 4585 521 4643 et
551 4586 729 4645 conventus
760 4581 894 4663 predicti
926 4581 1119 4664 redegerunt
1147 4580 1181 4642 in
1214 4598 1293 4642 usus
1323 4598 1380 4643 sno
