3410 5146
304 391 354 444 120
670 387 902 444 l'rkundenbueh
919 385 968 442 des
987 386 1113 442 Klosters
1134 385 1236 442 Plorte.

300 545 417 606 dictam
450 541 675 623 obligationem
708 560 766 604 sua
797 541 899 604 solvat
926 547 958 604 et
990 547 1094 602 cassat
1121 539 1321 610 auctoritate,
1348 559 1412 621 quo
1436 539 1520 604 iacto
1545 542 1598 625 ipsi

300 635 413 698 iratres
447 633 671 715 proprietatem
703 631 780 694 dicti
813 631 914 715 predii
945 633 978 693 in
1010 651 1124 696 manns
1154 630 1248 713 legati
1279 629 1468 694 contradent
1498 637 1599 694 nostro

300 722 487 786 tradendam
522 722 723 784 monasterio.
773 721 954 784 traditione
990 741 1067 786 vero
1103 722 1209 786 taliter
1241 719 1400 784 celebrata
1439 725 1472 783 et
1512 741 1601 804 super

301 812 450 876 omnibus
474 811 624 895 predictis
656 811 897 875 confirmatione
934 812 1053 875 domini
1084 813 1180 894 legati
1213 810 1321 873 habita
1340 810 1454 873 tratres
1474 830 1495 873 a
1515 810 1600 874 nobis

300 909 395 966 erunt
404 902 550 982 absoluti,
559 907 683 964 tantum
695 901 847 982 amicicie,
857 903 1006 971 cadmus.
1017 903 1119 966 mutui
1131 899 1255 965 consilii
1264 903 1296 964 et
1306 897 1418 965 auxilii
1429 900 1600 964 secundum

300 993 396 1056 deum
422 991 591 1057 debitores:
632 991 665 1056 Si
685 1011 777 1070 vero,
799 993 885 1073 quod
905 999 953 1056 est
973 993 1182 1076 inopinabile,
1204 1011 1260 1075 per
1281 991 1446 1055 dominum
1465 991 1599 1074 legatum

301 1083 461 1166 desupra
487 1081 572 1144 dicta
598 1081 791 1164 obligatione
821 1101 885 1146 non
912 1083 1010 1146 fuerit
1042 1082 1301 1161 determinatum,
1325 1101 1366 1145 ne
1386 1086 1497 1165 pereat
1519 1087 1601 1162 tante

300 1172 445 1236 utilitatis
475 1177 670 1245 contractus,
707 1171 791 1253 apud
821 1173 1094 1256 archiepiscopum
1124 1193 1198 1236 curn
1228 1171 1381 1235 fratribus
1412 1172 1499 1254 dicte
1527 1172 1600 1236 obli·

299 1262 417 1344 gationi
447 1261 622 1342 relaxanda
646 1261 812 1326 bonafide
839 1281 967 1346 operam
991 1262 1138 1328 dabimus
1163 1261 1363 1346 diligentem,
1383 1262 1428 1325 ita
1451 1261 1550 1343 quod,
1577 1263 1602 1324 si

300 1353 398 1436 gratis
421 1351 454 1415 id
475 1353 655 1435 promoveri
677 1371 741 1416 non
762 1354 893 1434 poterit,
913 1373 973 1416 nos
994 1354 1074 1416 diras
1093 1359 1198 1437 partes
1219 1354 1325 1416 oneris
1342 1361 1375 1418 at
1390 1353 1601 1436 inpensarum,

301 1463 380 1524 quas
410 1443 529 1525 negotii
554 1441 690 1523 requirit
716 1443 962 1520 consummatio,
993 1461 1217 1525 agnoscemus,
1242 1442 1357 1506 naues
1385 1461 1460 1506 vero
1482 1449 1601 1508 tantum

300 1533 431 1597 terciam
456 1539 577 1616 partem
604 1531 814 1596 sustinebunt.
858 1531 948 1609 Quod
970 1533 996 1596 si
1017 1533 1104 1596 nullo
1125 1533 1340 1616 predictorum
1361 1533 1530 1596 modorum
1555 1553 1603 1596 res

300 1629 407 1707 posset
442 1623 619 1697 tenninan',
667 1641 727 1685 nos
772 1622 1004 1704 possessionem
1047 1623 1191 1686 eiusdem
1227 1623 1344 1706 predii,
1381 1641 1477 1704 quam
1513 1624 1602 1687 nobis

299 1719 479 1787 cessemnt,
513 1712 664 1776 fratribus
697 1731 772 1774 cum
798 1712 1013 1790 edificiorum,
1049 1713 1211 1776 fructuum
1252 1720 1283 1776 et
1304 1712 1439 1776 aliorum
1463 1715 1602 1777 omnium
1696 1721 1697 1726 ’

300 1803 394 1886 plena
426 1802 606 1884 integritate
637 1803 859 1880 restituemuS,
891 1802 930 1865 dc
954 1801 1118 1865 laboribus
1143 1807 1176 1865 et
1200 1803 1363 1886 expensis,
1393 1822 1473 1884 quas
1499 1803 1601 1868 medio

301 1899 441 1976 tempore
470 1891 612 1974 quolibet
637 1892 732 1954 modo
757 1892 982 1974 inpendemus
1009 1893 1106 1956 nichil
1134 1894 1306 1976 recepturi,
1326 1912 1408 1976 pena
1429 1893 1602 1958 contractui

301 1983 458 2066 apposita,
484 1983 510 2045 ai
536 2001 594 2064 per
613 1985 760 2045 neutram
780 1982 918 2064 partium
937 1983 1007 2046 aius
1029 1984 1152 2046 steterit
1171 1983 1415 2059 consummatio,
1436 1983 1512 2046 binc
1532 1982 1603 2046 inde

301 2078 453 2137 cessante.
501 2072 651 2135 Preterea
684 2071 724 2136 ad
754 2071 939 2136 solvendam
965 2073 999 2134 in
1027 2072 1131 2136 Hallis
1157 2073 1295 2138 madiam
1322 2079 1444 2156 partem
1470 2075 1604 2156 pecunie
1698 2115 1699 2150 ,

302 2183 398 2246 supra
433 2163 519 2243 dicte,
555 2163 590 2224 in
621 2161 731 2244 vigilia
769 2161 984 2245 apostolorum
1015 2162 1166 2243 symonis
1197 2169 1230 2227 et
1257 2163 1338 2246 Ivdq
1373 2163 1426 2228 rel
1455 2164 1546 2247 pn'us
1575 2171 1604 2228 et

301 2254 432 2317 alteram
458 2252 661 2316 medietatem
689 2253 722 2315 in
744 2252 854 2334 vigilia
877 2253 1091 2336 apostolorum
1113 2253 1263 2337 Phylippi
1281 2259 1314 2317 et
1333 2253 1441 2316 Iacobi
1462 2254 1514 2318 vel
1534 2261 1605 2318 ante

302 2345 341 2408 de
371 2349 502 2425 argento
529 2342 750 2424 Vribergonsi,
774 2342 1040 2424 Aldinburgensi,
1066 2342 1250 2425 Pigauiensi
1275 2343 1329 2406 val
1352 2342 1549 2424 equivalenti
1575 2351 1606 2407 et
1698 2355 1699 2358 ’

302 2435 341 2498 de
369 2433 505 2514 ydoneis
531 2431 776 2496 fideiussoribus
805 2451 901 2515 super
933 2431 1044 2495 eodem
1075 2433 1211 2515 pecunia
1246 2437 1320 2496 ante
1350 2433 1467 2496 festum
1497 2441 1607 2512 sancte
1698 2461 1699 2484 κ

302 2523 489 2606 Uvalpurgq
513 2540 601 2584 nuno
620 2521 766 2604 proximo
787 2525 974 2599 venturum,
1004 2540 1084 2602 quos
1111 2521 1170 2605 ipsi
1203 2521 1377 2600 voluerint,
1407 2522 1524 2586 dandis
1550 2541 1607 2584 nos

301 2613 522 2695 obligavimus.
562 2610 767 2674 Contractum
790 2616 897 2673 autem
917 2610 1014 2674 huius
1034 2611 1119 2674 modi
1141 2611 1206 2674 fide
1228 2611 1370 2675 vicissim
1390 2613 1556 2675 internos
1576 2617 1608 2674 et

303 2705 433 2785 insuper
458 2702 491 2763 in
517 2720 631 2763 manus
661 2700 810 2783 prepositi
836 2699 1110 2783 Meraeburgensis
1139 2701 1177 2763 ab
1205 2707 1339 2783 utraque
1363 2708 1452 2784 parte
1477 2703 1610 2786 prestita

303 2798 335 2856 et
361 2811 444 2875 pena
469 2796 597 2854 centarm
625 2809 804 2853 marcarum
831 2791 899 2874 pari
920 2809 1078 2854 consensu
1100 2791 1304 2870 vallavimus,
1322 2793 1366 2855 ita
1386 2798 1423 2856 ut
1442 2813 1531 2876 pars,
1552 2813 1610 2877 per

304 2901 400 2964 qnam
431 2883 565 2958 steterit,
591 2881 762 2962 quominus
789 2880 930 2964 predicta
954 2881 1177 2959 observentur,
1203 2882 1243 2945 ad
1269 2887 1387 2964 statute
1410 2901 1496 2966 penq
1522 2883 1611 2948 solu·
1699 2903 1700 2958 3

303 2973 424 3036 tionem
468 2975 620 3034 teneatur.
671 2969 779 3034 Testes
820 2971 916 3034 buius
957 2970 1002 3033 rei
1041 2977 1116 3034 sunt
1146 2971 1186 3034 H.
1219 2973 1414 3054 prepositus,
1448 2972 1612 3037 Iohannes

304 3062 491 3140 canonicus,
531 3059 691 3124 Iohannes
734 3060 825 3123 miles
861 3059 1158 3142 MerseburgenaeS,
1201 3060 1370 3125 Ounradus
1414 3061 1613 3136 cellerarius,

304 3153 462 3215 lohannes
494 3151 681 3221 monachus,
711 3149 906 3226 Herculeus,
944 3149 1098 3212 Rbdolfus
1123 3152 1283 3218 conversi.
1305 3151 1484 3216 Fortenses
1527 3153 1614 3216 Acta

305 3247 379 3304 suut
413 3242 473 3305 heo
507 3242 541 3303 in
576 3239 761 3304 Merseburc
797 3240 832 3302 in
867 3239 956 3301 cirria
992 3240 1120 3302 maioris
1151 3241 1311 3322 prepositi.
1361 3241 1458 3304 Anno
1487 3240 1613 3304 domini

303 3339 585 3406 M⁰OE⁰XX⁰VI⁰,
605 3339 678 3394 ΠΠο
700 3348 802 3391 nonas
823 3327 952 3410 Apulia,
973 3327 1146 3392 indictione
1167 3339 1247 3392 [111¹.

374 3483 480 3552 ‘Iuttq
504 3481 539 3536 de
567 3482 603 3535 iat
633 3480 719 3534 dordr
749 3479 844 3533 Brucla
870 3479 949 3549 odlliq
974 3479 1102 3534 comodat
1125 3479 1183 3532 amd
1206 3497 1258 3534 aue
1284 3479 1335 3534 dea
1360 3480 1530 3536 aarwmadten
1563 3481 1617 3538 Ur-

304 3562 413 3618 lamdea
434 3565 551 3632 credaut.

377 3711 386 3751 ¹
411 3709 508 3767 Weber
530 3711 650 3767 Sabomel
675 3711 718 3764 dic
734 3711 806 3764 oaaclr
823 3725 874 3763 tun
893 3708 1013 3764 &duelles
1034 3709 1251 3778 auspenommene
1270 3711 1351 3766 Notio
1368 3712 1431 3766 tat:
1449 3711 1524 3766 Aeta
1544 3719 1621 3768 sunt

304 3794 372 3848 haec
396 3792 472 3864 apud
491 3790 688 3862 Nunenburg,
719 3791 743 3848 5.
757 3790 811 3847 lral.
825 3789 915 3854 Febr,
939 3789 1005 3842 idaci
1026 3789 1083 3843 aab
1109 3790 1185 3844 na'cld
1202 3792 1352 3857 salutatico.
1390 3792 1557 3860 Auffollend
1582 3795 1621 3848 iat

303 3875 389 3942 auch,
407 3873 471 3928 dosa
484 3889 513 3926 er
529 3872 582 3926 dan
597 3871 733 3938 Prciafilr
745 3871 789 3925 die
806 3869 1007 3936 hastendorser
1024 3869 1225 3938 mammem
1244 3873 1364 3938 aufdod
1380 3877 1447 3926 atati
1460 3872 1622 3929 wldar&

303 3955 416 4022 copiola,
453 3951 534 4006 Sollte
555 3951 682 4006 nielleicbt
703 3951 748 4004 ein
764 3949 850 4004 duom
866 3947 996 4018 ydundcr
1014 3948 1199 4018 Koufimbop
1216 3951 1408 4020 mapmlaapla'cb
1425 3968 1471 4004 am
1487 3954 1536 4010 28.
1548 3953 1623 4012 ἄση,

304 4034 345 4088 bei
361 4033 523 4102 Nouatum
541 4029 697 4096 wobradct,
715 4031 777 4084 aler
794 4029 912 4083 oacbbat
929 4027 1089 4098 combam
1106 4027 1213 4084 worden
1229 4028 1307 4084 adu?

831 4210 1079 4219 ----—-—-—-——-—
