3392 5150
551 395 602 456 Nr.
614 397 761 454 330-332.
782 397 963 454 laer-1298.
1363 396 1413 454 317

113 549 226 631 1298.
253 553 422 634 Januar
447 548 488 630 4.
517 547 755 647 Wartburg.
800 617 803 623 .
1330 547 1418 630 331.

190 685 336 749 Albrecbt
355 685 531 767 Landgraf
546 705 604 750 von
635 683 816 764 menopes
836 683 935 762 cignei
963 685 983 746 6
1002 681 1115 763 Hufen
1136 683 1189 748 des
1209 681 1420 748 Bucbstrosse

146 780 327 856 pendentem
350 775 482 852 Aedem,
510 775 561 838 dic
584 773 673 838 Peter
694 795 752 838 von
774 771 977 850 Neidscbitta‚
1006 773 1074 834 sein
1091 771 1256 836 Kastellon
1277 775 1344 854 aus
1361 774 1417 837 der

148 863 366 1036 {supplestppg
404 865 468 928 ihm
499 865 698 947 auspelosscn
727 861 799 940 tal,
835 863 902 944 auf
931 863 1039 926 dassen
1069 861 1157 926 Blae
1195 863 1263 926 dem
1291 863 1419 927 Klester

262 1089 395 1144 Herem.-
416 1089 460 1144 Or.
471 1089 545 1157 Perp.
563 1106 614 1142 von
633 1088 772 1142 Portmaer
791 1086 878 1140 Hand
896 1086 955 1154 (apl.
976 1085 1054 1138 Posse
1071 1089 1124 1150 19).
1160 1085 1288 1153 apsaro.
1317 1087 1417 1157 Psorte,

307 1169 457 1224 Biblrbthet·
471 1168 557 1227 1114.
577 1199 610 1207 -
629 1168 658 1222 D
673 1172 725 1222 101
743 1169 796 1236 (tit.
808 1165 989 1236 Flemingin).
1020 1165 1101 1218 T104
1119 1165 1178 1220 mid
1195 1166 1342 1235 nocbmols,
1355 1169 1418 1222 aber

309 1248 540 1319 ammodum
556 1253 617 1303 285.

260 1355 384 1409 Droclce:
396 1353 518 1423 Leporis,
529 1353 698 1408 Ruineadcr
707 1353 876 1421 Rudclslmp
885 1351 1047 1420 75199123).
1064 1349 1197 1405 11131191.Ι
1212 1351 1415 1420 Wolff1L268.

317 1433 375 1504 191.
392 1434 516 1504 Barbare,
534 1433 718 1490 manascere
736 1433 779 1499 11,
797 1435 839 1488 37.

189 1561 257 1626 Nos
279 1561 432 1625 Albertus
460 1561 510 1625 dei
539 1561 646 1644 gracia
666 1560 838 1642 Thuringic
864 1557 1060 1641 lantgravius
1087 1564 1119 1621 et
1142 1559 1281 1622 Saxonis
1309 1579 1416 1625 comes

108 1653 287 1736 palatinus·
314 1653 573 1734 recognoscimus
601 1651 633 1712 in
662 1651 723 1712 hiis
751 1650 876 1732 scriptis
906 1647 998 1712 etad
1029 1649 1229 1730 singulorum
1255 1652 1415 1732 noticiam,

109 1743 227 1824 quibus
249 1761 379 1825 presens
402 1742 554 1824 scriptum
577 1739 755 1803 exhibitum
776 1740 881 1819 luerit
903 1739 1049 1821 apcrcios
1071 1741 1218 1821 cupimus
1238 1741 1415 1823 pervenire,

108 1833 195 1914 quod
225 1831 357 1894 veniens
383 1831 423 1893 ad
450 1850 508 1894 nos
530 1831 644 1893 Petrus
669 1829 708 1893 (le
730 1829 886 1893 Nitzclritz
914 1827 1105 1892 castellanus
1131 1835 1239 1893 noster
1260 1831 1292 1892 in
1315 1829 1415 1894 Ruth·

106 1922 286 2004 leibesberg
307 1941 365 2005 pro
388 1940 421 1984 se
443 1939 588 1983 necnon
610 1940 667 2002 pro
685 1919 833 2002 Hugone,
855 1919 1000 1982 Conrado
1022 1919 1204 1982 etHemico
1225 1922 1292 1982 suis
1309 1920 1415 1984 fratri·

108 2013 168 2076 bus
200 2019 232 2077 et
263 2011 434 2074 herodibus
464 2011 650 2074 eorumdem
679 2010 838 2073 universis
870 2027 929 2072 sex
959 2028 1087 2072 mansos
1118 2011 1186 2092 agri
1206 2011 1415 2074 Buchstrasse

108 2103 283 2185 vulgariter
317 2101 508 2183 nuncupati,
550 2099 723 2182 quemlibet
759 2099 908 2162 videlicet
945 2118 1092 2162 mansum
1123 2101 1265 2181 quinque
1296 2101 1414 2165 solidos

106 2193 311 2256 denariorum
332 2199 459 2253 monete
474 2189 739 2272 Nuenburgensis
760 2207 865 2252 annue
888 2191 1050 2272 pensionis
1065 2190 1250 2268 solventem,
1271 2191 1310 2254 de
1323 2191 1414 2255 nobis

106 2303 189 2364 quos
216 2282 250 2343 in
280 2280 373 2343 feodo
400 2287 585 2358 tennerunt,
612 2278 703 2342 nobis
729 2279 828 2342 libere
855 2286 886 2342 et
913 2279 1091 2342 voluntarie
1118 2280 1299 2362 resignavit.
1347 2281 1414 2346 Nos

105 2371 205 2452 igitur
238 2370 455 2432 misericordia
486 2370 563 2432 moti
595 2371 633 2432 ad
666 2371 850 2453 petitionem
888 2369 988 2452 ipsius
1018 2369 1103 2431 Petri
1140 2375 1172 2431 et
1200 2369 1413 2452 predictorum

105 2480 239 2525 suorum
257 2460 392 2522 fratrum
414 2465 445 2521 et
467 2459 620 2521 heredum
643 2477 702 2520 nec
723 2477 788 2520 non
809 2459 843 2520 in
863 2457 991 2520 laudem
1008 2457 1058 2520 dei
1071 2457 1265 2521 etlronorem
1277 2459 1413 2541 gloriose

105 2551 240 2632 virginis
262 2547 361 2612 llario
390 2555 421 2610 et
447 2549 487 2610 ad
514 2555 621 2610 nostro
649 2549 754 2611 anime
781 2555 812 2610 et
839 2547 1054 2630 predictorum
1081 2547 1214 2610 fratrum
1237 2549 1412 2612 remedium

105 2647 137 2702 ot
175 2640 309 2702 salutern
348 2638 506 2722 predictos
542 2657 670 2700 mansos
709 2657 782 2700 cunr
815 2636 1021 2720 pensionibus
1053 2645 1085 2699 et
1116 2637 1305 2700 utilitatibus
1338 2639 1412 2702 inde

104 2729 294 2794 cedentibus
322 2728 596 2811 appropriavimus
622 2728 755 2791 ecclesie
784 2727 928 2789 Portensi
955 2733 987 2788 et
1014 2726 1213 2810 presentibus
1231 2731 1413 2812 appropria-

104 2839 179 2882 mns
200 2819 312 2881 dantes
332 2819 393 2902 ipsi
414 2819 606 2881 monasterio
627 2825 659 2881 et
679 2818 843 2880 monachis
863 2816 982 2879 ibidem
1009 2825 1149 2880 nostram
1172 2817 1310 2900 desuper
1330 2821 1412 2882 litte-

104 2929 175 2971 ram
203 2909 302 2971 nostri
334 2907 428 2990 sigilli
458 2907 570 2970 robore
597 2908 826 2970 confirmatam.
877 2905 984 2969 Huius
1010 2914 1117 2970 nostre
1147 2910 1412 2991 appropriationis

103 3004 203 3062 testes
224 3005 298 3060 sunt
324 2999 468 3060 strennui
498 2999 566 3078 viri,
592 2998 798 3061 Hermannus
831 2997 869 3060 de
894 2997 1125 3060 Hirsinderode
1150 2999 1301 3080 nragister
1324 3001 1411 3064 ciuie

103 3095 229 3167 nostre,
261 3087 504 3152 Hcinemannus
526 3089 565 3151 de
586 3087 698 3169 Huic,
733 3087 936 3151 Guntberusb
963 3087 1001 3150 dc
1027 3086 1138 3150 Liznik
1169 3089 1268 3150 nostri
1289 3089 1411 3170 fideles,

103 3179 241 3242 Mathias
262 3179 396 3242 ecclesie
416 3178 681 3260 Nuenburgensis
711 3179 899 3256 canonicus,
928 3177 1091 3260 Erningus
1121 3178 1222 3261 prior,
1253 3177 1411 3242 Iohannes

102 3269 290 3332 cellerarius
315 3270 348 3331 in
376 3267 472 3331 Porta
500 3274 533 3330 ct
553 3269 606 3330 ulii
627 3269 736 3352 plures
756 3269 821 3331 tide
843 3268 939 3350 digni.
982 3269 1100 3330 Actum
1122 3271 1154 3330 et
1174 3266 1284 3330 datum
1305 3267 1410 3332 Wart-

102 3358 182 3422 berc
209 3377 292 3421 anno
319 3358 478 3422 dominice
503 3359 732 3422 incarnationis
760 3367 875 3420 M⁰cc⁰
893 3357 1100 3439 nonagesimo
1123 3365 1218 3432 vlw,
1245 3357 1277 3418 in
1300 3363 1412 3420 octava

101 3447 327 3512 innocentum.

174 3586 186 3614 ¹
203 3584 290 3657 palat'
345 3574 499 3639 ''Gunth's

641 3674 892 3686 -υ--ι-ηυ-οι

102 3785 220 3867 1238.
249 3783 335 3865 Mal
363 3785 398 3865 1.
1318 3779 1408 3864 332.

183 3919 359 3984 Hcimiclil
381 3919 444 3984 Aet
462 3919 532 3982 und
552 3919 608 3982 der
628 3918 771 3982 Konvenl
792 3917 846 3980 des
866 3915 1008 3980 Klosters
1029 3917 1135 3998 Pforte
1154 3917 1327 4000 vakoufeu
1348 3918 1409 3980 dos

152 4009 297 4076 Vorwcrk
317 4010 359 4072 im
370 4007 478 4072 Ricibc
497 4007 662 4073 untobold
683 4009 738 4070 der
759 4007 897 4072 &baum
917 4029 976 4070 von
986 4005 1191 4089 Hecbendorf
1204 4009 1272 4071 dem
1283 4011 1410 4088 Propste

145 4101 284 4166 Districb
301 4100 370 4164 und
386 4101 455 4164 darn
467 4099 630 4164 Kcooente
646 4099 700 4162 des
708 4097 973 4162 Nooncnldostcrs
983 4097 1147 4162 Rosslcben
1162 4100 1220 4179 fiir
1233 4101 1299 4161 150
1310 4097 1410 4162 Mart·

144 4193 269 4273 ldtliipes
290 4189 411 4256 Silbers.

255 4327 389 4384 Hdccbm
409 4327 547 4394 Abacbrifl
564 4343 615 4379 wa
632 4327 705 4379 enter
721 4325 795 4379 alten
809 4325 996 4393 Ucbcrsetzonp
1013 4323 1058 4378 des
1076 4323 1249 4377 lateinisclwn
1263 4323 1409 4393 originale.

305 4407 410 4474 Paper.
448 4407 549 4460 Archiv
573 4405 621 4459 der
647 4405 846 4460 Kloneracaute
871 4405 1018 4460 Rosslebrn.
1056 4404 1165 4472 Grttr'pst
1187 4403 1340 4472 mitpelbcs'lt
1358 4421 1408 4457 oon

306 4487 401 4542 Hm
419 4487 493 4554 Ros.
512 4485 550 4544 D.
570 4485 641 4539 Nede
658 4485 779 4540 doadbat.

259 4593 435 4663 Unpedmld.
459 4591 516 4661 Vpl.
534 4590 653 4645 Netteia
671 4590 773 4645 Ztscbr.
794 4589 820 4645 d.
839 4589 1018 4646 Harmina
1034 4589 1154 4659 XVIII,
1172 4592 1214 4649 64.
