3506 5148
325 410 379 464 522
694 408 927 466 Urlrundenbueh
946 409 994 464 dea
1012 408 1139 464 Klosters
1157 409 1260 464 Plorte.

327 568 478 644 tanquam
504 561 591 625 l'eudi
621 562 749 624 domino
778 561 861 625 bona
883 561 1021 644 predicta
1046 566 1076 624 et
1097 580 1190 623 omne
1211 562 1262 623 ius
1281 561 1373 623 nobis
1393 563 1575 642 competens
1597 559 1629 620 in

328 653 462 730 eisdem,
489 653 660 735 ipsumque
686 653 717 714 in
749 654 979 733 possessionem
1002 652 1158 714 dictorum
1177 651 1333 714 bonorum
1355 651 1543 714 induximus
1564 669 1632 712 cor-

326 741 463 827 poralem
502 761 557 824 pro
589 743 692 823 precio
725 741 891 804 duodecim
924 761 1155 824 sexagenorum
1184 761 1258 804 oum
1289 740 1418 804 dimidia
1448 759 1631 822 grossorum

326 851 496 915 parvorum
525 831 772 896 numerabilium
805 831 982 896 dativorum
1008 830 1099 894 nobis
1126 831 1223 894 huius
1249 831 1335 894 modi
1355 833 1497 914 precium
1521 849 1631 893 rerum

327 930 358 987 et
377 925 499 985 iustum
520 921 748 986 arbitrantibus
769 921 963 1006 integraliter
980 921 1148 1004 persoluto.
1182 921 1393 984 Promisimus
1405 919 1505 984 nihilo
1524 921 1633 982 minus

328 1033 384 1096 pro
407 1013 499 1075 nobis
519 1013 700 1095 nostrisque
718 1012 836 1076 futuris
857 1011 1026 1076 heredibus
1046 1031 1083 1074 ac
1104 1010 1305 1094 presentibus
1323 1010 1538 1094 promittimus
1549 1007 1634 1072 bona

327 1103 390 1166 lide
417 1102 555 1184 predicto
585 1103 713 1165 domino
739 1101 844 1166 abbati
873 1121 931 1165 suc
958 1109 988 1166 et
1015 1103 1166 1166 dictorum
1189 1108 1366 1165 convontus
1388 1121 1425 1163 ao
1450 1101 1634 1164 monasterii

328 1194 456 1255 nomine
487 1192 652 1274 stipulanti
684 1211 742 1255 nos
772 1198 802 1255 et
834 1200 959 1256 nostros
989 1191 1120 1256 heredes
1150 1211 1245 1275 super
1274 1191 1365 1254 dietis
1392 1189 1485 1252 bonis
1513 1189 1632 1252 eisdem

328 1280 524 1365 emptoribus
544 1282 631 1346 litem
653 1301 710 1345 seu
732 1284 979 1346 controversiam
1001 1303 1063 1345 non
1081 1283 1197 1345 inferre
1214 1281 1426 1345 autinferanti
1445 1281 1634 1357 consentire,

328 1373 381 1438 sed
404 1375 489 1456 ipsos
516 1373 554 1435 de
582 1371 673 1435 dictis
702 1370 793 1436 bouis
813 1372 1021 1436 auctorisare‘
1047 1379 1078 1436 et
1104 1371 1301 1436 iusticialiter
1321 1369 1503 1432 warandere
1529 1389 1566 1432 ac
1594 1370 1632 1432 ab

328 1463 530 1546 impetioiono
560 1461 775 1544 quorumlibet
804 1462 932 1526 reddere
957 1462 1074 1526 liberos
1101 1469 1132 1527 ct
1161 1463 1361 1544 indempneS,
1391 1481 1446 1543 pro
1468 1461 1633 1542 premissis

330 1553 479 1616 omnibus
508 1559 539 1616 et
560 1552 696 1634 singulis
717 1551 923 1616 observandis
945 1561 975 1616 et
995 1552 1129 1617 fideliter
1150 1551 1358 1634 adimplendis
1379 1557 1527 1614 strenuos
1548 1551 1634 1612 viros

327 1643 516 1708 Heinrieum
549 1642 668 1706 dictum
694 1639 870 1705 Hetzebcld
902 1643 1032 1706 militem
1064 1663 1160 1706 avum
1193 1647 1339 1704 nostrum
1366 1659 1425 1703 neo
1453 1658 1517 1701 non
1552 1639 1632 1704 Gon-

328 1735 439 1798 radum
462 1733 581 1795 dictum
604 1731 642 1795 dc
663 1729 794 1796 Kollede
815 1738 938 1796 nostros
960 1752 1188 1816 consponsorcs
1216 1738 1247 1796 et
1266 1729 1422 1794 debitores
1443 1730 1633 1813 principales

228 1851 232 1858 ⁴
330 1825 421 1888 dictis
444 1823 639 1906 emptoribus
661 1829 842 1886 statuentes
883 1821 950 1886 Nos
979 1843 1106 1906 quoquo
1132 1821 1305 1886 Heinricus
1325 1826 1356 1883 et
1376 1819 1542 1884 Conradns
1566 1839 1631 1903 pre-

328 1916 403 1979 dicti
433 1914 701 1996 recognoscimur,
733 1912 817 1995 quod
849 1913 888 1975 ad
919 1932 1026 1995 preces
1055 1911 1222 1992 Iohannis,
1253 1909 1402 1974 Friderici
1428 1915 1459 1973 at
1486 1907 1629 1972 Heinriei

327 2005 529 2069 venditorum
556 2003 768 2087 predictorum
797 2009 827 2066 et
854 2023 908 2084 pro
936 2004 1014 2085 ipsis
1036 2022 1093 2066 nos
1116 2003 1207 2066 dictis
1228 2000 1356 2064 domine
1379 1998 1484 2064 abbati
1506 2009 1538 2064 et
1559 2021 1630 2064 eon·

327 2096 436 2158 ventui
462 2114 518 2177 pre
545 2092 694 2156 omnibus
723 2093 962 2175 suprascriptis
990 2091 1197 2174 adimplendis
1223 2113 1259 2155 ae
1280 2089 1505 2154 inviolabiliter
1527 2091 1629 2154 obser-

329 2186 440 2248 vandis
467 2189 619 2267 tanquam
651 2183 807 2246 debitores
837 2183 1023 2265 principales
1049 2185 1080 2246 in
1106 2183 1241 2247 solidum
1267 2180 1478 2264 obligavimus
1506 2189 1537 2244 et
1564 2201 1628 2263 pre

328 2274 470 2339 sentibus
499 2274 685 2355 obligamus
734 2271 771 2335 ln
803 2274 1029 2354 premissorum
1060 2275 1158 2356 igitur
1193 2273 1337 2336 omnium
1369 2277 1400 2334 et
1431 2271 1628 2352 singulorum

327 2366 543 2429 testimonium
555 2363 682 2446 prefatis
694 2363 831 2426 dominis
849 2363 955 2426 abbati
975 2370 1006 2427 et
1021 2365 1193 2426 conventui
1208 2369 1369 2446 presentes
1383 2362 1502 2424 litteras
1517 2381 1628 2444 appen-

327 2457 415 2518 sione
446 2453 620 2536 sigillcrum
661 2454 740 2532 mei,
770 2452 922 2516 lobannis
950 2454 1136 2531 venditoris,
1166 2473 1229 2536 quo
1258 2461 1289 2516 et
1316 2471 1375 2514 nos
1396 2449 1576 2516 Friderious
1600 2457 1628 2514 et
1735 2491 1736 2500 κ

326 2540 497 2608 lleinrious
519 2543 664 2606 similiter
686 2542 882 2621 venditores,
907 2563 980 2606 cum
1003 2545 1136 2626 propriis
1166 2543 1277 2626 sigillis
1298 2553 1489 2618 carcamust,
1512 2543 1629 2604 utimur

326 2638 386 2698 ista
415 2636 496 2713 viee,
524 2639 784 2714 nostrorumque,
804 2631 947 2695 Heinrici
970 2640 999 2696 ot
1021 2633 1157 2698 Conradi
1178 2652 1427 2717 consponsorum
1436 2633 1460 2712 ¹¹,
1486 2633 1627 2695 dedimus

325 2725 457 2788 tirmiter
493 2725 711 2786 communitas
763 2721 870 2786 Testes
907 2724 1005 2786 eciam
1038 2726 1262 2808 premissorum
1301 2731 1377 2787 sunt
1410 2723 1535 2785 strenui
1572 2722 1628 2782 viri

327 2813 477 2878 Albertus
506 2814 544 2877 de
570 2812 775 2876 Kodoritzseh
804 2821 835 2875 ct
857 2811 1007 2876 Albertus
1030 2813 1068 2876 dc
1090 2813 1258 2876 lllnrstete¹
1290 2822 1465 2876 castrenses
1495 2814 1528 2874 in
1549 2809 1627 2874 Eelr·

327 2903 510 2984 bardisberg
542 2910 573 2966 et
597 2902 703 2985 plnres
732 2903 785 2965 alii
812 2903 874 2965 fido
901 2902 997 2985 digni.
1045 2908 1163 2966 Actum
1194 2910 1225 2967 et
1254 2903 1364 2966 datum
1396 2921 1480 2966 anno
1511 2901 1626 2964 domini

326 3003 561 3071 ll⁰CCC⁰XLV,
582 2995 614 3054 in
638 2993 744 3074 vigilia
767 2991 868 3056 beant
891 2993 1057 3056 Laurencii
1080 2995 1218 3057 martiris
1237 2994 1374 3076 gloriosi.

397 3125 459 3180 ²de
478 3125 698 3194 hivrarvqcsttqtl'
746 3115 882 3180 blintorff
896 3127 925 3179 D
981 3128 1069 3182 ‘eius
1088 3129 1118 3181 D
1172 3117 1378 3181 dPortenriT
1430 3125 1580 3196 ⁴'predicto
1600 3125 1628 3177 D

324 3199 519 3340 {qqqtptriizlqre
538 3205 568 3258 D
637 3207 809 3260 gcareamus
827 3205 925 3276 sigillis
948 3208 976 3261 1)
1047 3199 1058 3236 ¹¹
1077 3207 1335 3278 compensarurnl’
1402 3199 1632 3260 *Prosternet

327 3457 442 3536 1346.
472 3455 669 3536 marato.
810 3536 815 3546 ,
1215 3473 1216 3478 ‘
1538 3449 1628 3532 567.

405 3599 532 3680 liudolf
546 3601 615 3662 arrad
637 3598 789 3662 Heinrich
811 3599 969 3663 Seironlcen
991 3621 1049 3662 oon
1071 3601 1239 3680 Dornburp
1267 3597 1446 3662 *iiberlassen
1474 3597 1533 3660 alle
1559 3595 1630 3657 iltrc

367 3691 478 3754 Recta
498 3711 542 3752 cu
564 3691 650 3753 einer
671 3690 761 3768 Huse
781 3692 816 3752 in
839 3689 1095 3753 Suebscnbuuseu
1117 3691 1183 3753 dent
1208 3690 1330 3753 Kloster
1353 3687 1471 3768 Psortc.

475 3818 610 3872 Hilerda:
631 3817 716 3872 Part.
743 3809 834 3871 Dtllb
853 3818 904 3884 (ru.
916 3815 1136 3884 Sachsinhusiu).

475 3911 585 3964 Druct:
603 3910 736 3964 Deutacb:
760 3908 845 3975 Wolff
859 3909 900 3974 ΙΙ,
919 3913 978 3968 450,

405 4032 469 4096 Nos
490 4031 678 4117 Rudclpbus
700 4040 730 4096 et
754 4032 913 4096 chrieus
942 4034 1091 4116 pincerne
1120 4035 1195 4096 dieti
1220 4033 1259 4096 de
1280 4030 1454 4113 Dornburg
1482 4046 1630 4108 recogno-
1733 4033 1734 4036 ’

326 4125 444 4186 scimus
483 4131 514 4186 et
544 4123 708 4200 omnibus,
751 4125 807 4205 qui
838 4131 1015 4205 presentem
1045 4123 1180 4187 litterum
1212 4123 1349 4186 viderint
1382 4120 1433 4184 val
1466 4117 1631 4195 audierint,
1733 4127 1734 4164 t

326 4215 473 4294 cupimus
493 4232 561 4275 esse
580 4220 708 4290 notum,
738 4213 821 4294 quod
852 4231 945 4276 omne
969 4213 1146 4276 dominium
1168 4233 1227 4276 nec
1249 4232 1312 4275 non
1332 4230 1427 4274 omne
1447 4213 1512 4286 ins,
1539 4205 1630 4288 quod

327 4302 498 4364 habuimus
526 4303 680 4365 hactenus
707 4305 773 4364 sivo
803 4303 889 4384 quod
920 4305 1019 4365 nostri
1045 4303 1175 4366 heredes
1204 4323 1260 4367 seu
1288 4302 1405 4385 posteri
1425 4305 1528 4364 essent
1545 4315 1632 4378 quc-

329 4391 498 4455 modolibet
516 4393 723 4474 inposterum
747 4392 895 4470 babituri,
915 4413 1108 4474 quoeunque
1130 4391 1294 4470 vocabulo,
1315 4391 1444 4453 nomine
1459 4391 1522 4452 sive
1532 4386 1631 4450 titulo

328 4487 507 4559 censeatur,
536 4483 570 4543 in
599 4501 662 4543 unc
692 4500 803 4543 manso
831 4483 889 4544 sito
919 4484 953 4543 in
980 4484 1099 4564 eampis
1127 4482 1199 4544 ville
1226 4481 1435 4544 Saxenhusen
1465 4497 1500 4540 ao
1524 4477 1631 4556 ipsius

331 4573 528 4654 pertinentiis
550 4573 808 4655 quibuscunque,
838 4591 932 4654 quem
954 4571 1104 4636 Nicolaus
1124 4572 1227 4634 dictus
1248 4570 1388 4635 Putach·
1409 4570 1448 4634 de
1466 4563 1631 4631 Botilsteta
