3402 5152
583 374 792 434 miae-427.
813 377 888 433 reos.
1079 337 1082 346 ¹
1341 375 1391 436 ror

90 535 180 598 Porro
202 531 362 598 lohannes
383 531 534 612 Breytlua
557 550 629 599 cum
652 535 750 593 matre
772 549 830 592 sua
852 548 909 612 pro
931 537 985 593 XX
1006 535 1038 592 et
1058 547 1124 594 una
1145 531 1260 593 marcis
1280 528 1393 592 similis

90 628 207 708 argenti
235 623 378 687 vendidit
408 624 545 686 dominis
577 622 615 686 de
635 620 730 682 Porta
761 638 874 684 novem
906 638 999 700 agros
1026 625 1058 682 et
1086 619 1263 683 dimidium.
1312 619 1391 683 Item

91 715 245 778 lebannes
273 713 361 796 Papa
389 732 444 796 pro
475 721 557 775 XVII
579 711 694 774 marcis
723 708 865 772 eiusdem
895 709 1017 790 argenti
1046 710 1188 773 vendidit
1217 729 1309 792 agros
1336 730 1392 774 sex

88 807 222 868 dominis
254 805 293 866 de
319 803 414 867 Porta
445 803 552 886 sepius
583 801 771 864 memoratis.
823 797 903 860 Cum
934 799 1032 880 igitur
1062 800 1247 864 concivibus
1278 803 1394 864 nostris

89 898 244 959 universis
266 896 329 957 iarn
351 892 500 977 predictis
519 891 715 974 integraliter
735 909 770 952 ac
793 888 935 970 conplete
960 890 1002 952 sit
1031 890 1134 954 soluta
1159 892 1307 974 pecunia,
1337 911 1393 974 pro

89 1005 149 1068 qua
181 985 265 1047 bona
295 1003 353 1047 sua
384 982 547 1066 prehabita
578 981 802 1073 uendiderunt,
835 997 940 1042 eorum
968 978 1060 1043 nobis
1087 980 1157 1044 data
1187 981 1249 1045 fide
1276 983 1393 1065 singuli

88 1076 313 1158 promiserunt,
343 1073 427 1156 quod
458 1072 514 1136 hec
542 1070 641 1148 bona,
671 1071 746 1152 quia
775 1069 889 1132 feodali
915 1071 985 1132 iure
1015 1071 1234 1152 possederant,
1262 1072 1395 1136 libenter

89 1167 187 1228 velint
206 1165 376 1247 resignare,
398 1161 666 1245 quandocumque
686 1179 742 1243 per
764 1159 910 1222 dominos
932 1159 970 1222 de
990 1159 1085 1223 Porta
1105 1161 1224 1225 fuerint
1243 1164 1394 1246 requisiti.

88 1260 151 1320 At¹¹
174 1275 249 1318 vero
276 1259 455 1318 contractus
483 1254 536 1318 isti
557 1251 792 1314 racionabiliter
813 1269 886 1312 curn
909 1252 974 1314 sint
993 1251 1067 1314 faeti
1088 1255 1170 1315 inter
1191 1253 1335 1317 dominos
1355 1255 1394 1317 de

88 1347 182 1410 Porta
212 1339 251 1410 ex
282 1365 346 1408 una
372 1350 403 1406 et
428 1344 576 1406 concives
602 1345 725 1404 nostros
752 1341 909 1420 predictos
933 1347 1021 1424 parte
1047 1360 1086 1404 err
1116 1341 1213 1406 altera
1234 1345 1395 1428 nichilque

87 1438 208 1500 fraudis
236 1437 285 1499 rel
314 1435 431 1498 iniurie
459 1452 550 1516 passe
577 1433 642 1495 sint
668 1450 800 1514 persone
826 1432 967 1512 parcium
990 1437 1215 1516 utrarumque,
1237 1441 1332 1517 atque
1354 1455 1394 1498 ue

87 1547 183 1610 super
213 1527 375 1607 premissis
411 1523 477 1587 ulla
517 1524 641 1606 questio
677 1519 896 1603 calumpniosa
933 1539 990 1583 seu
1023 1521 1237 1604 interpretatio
1269 1527 1396 1588 sinistra

87 1619 187 1701 possit
208 1619 240 1678 in
263 1621 423 1699 postorum
445 1613 624 1696 aliqualiter
644 1610 791 1689 suboriri,
820 1612 918 1673 immo
939 1612 974 1673 in
996 1619 1200 1676 aucmentum
1223 1614 1345 1678 roboris
1367 1622 1397 1678 et

86 1707 281 1771 testimonii⁰
302 1705 451 1768 firmioris
472 1707 649 1786 presentem
671 1703 817 1784 pagiuam
839 1702 996 1764 conscribi
1016 1706 1047 1764 et
1068 1703 1169 1783 sigillo
1192 1713 1298 1768 nostre
1320 1709 1396 1769 civi-

87 1799 164 1860 tatis
192 1797 326 1859 l'ecimus
353 1793 544 1858 communiri
573 1811 646 1854 eum
675 1790 897 1872 astipulatione
923 1792 1068 1870 testium,
1100 1811 1234 1876 quorum
1267 1799 1397 1860 nomina

85 1895 165 1951 sunt
185 1887 256 1948 hec:
286 1884 449 1948 Oouradus
476 1883 579 1946 dietus
610 1883 649 1944 de
675 1879 767 1959 lloro,
800 1879 976 1944 Oristianus
1005 1883 1074 1944 eius
1096 1882 1193 1959 lilius,
1226 1883 1396 1949 Heinrious

87 1978 213 2060 antiqui
243 1975 380 2051 sculteti,
409 1973 625 2053 Heydiuricus
652 1973 846 2034 monetarius
874 1973 1020 2034 concives
1047 1974 1145 2035 nostri
1173 1982 1204 2037 et
1225 1975 1276 2038 alii
1299 1997 1394 2059 quarn

85 2069 198 2152 plures
218 2063 280 2128 fide
302 2065 398 2147 digni.
441 2064 522 2125 Aeta
543 2069 619 2125 sunt
641 2062 697 2124 heo
719 2080 802 2124 anno
825 2061 945 2124 domini
966 2071 1204 2144 M00000l'1110,
1231 2068 1264 2128 in
1288 2068 1396 2150 vigilia

86 2157 174 2220 beati
196 2155 324 2217 Andree
345 2153 486 2236 apostoli.

145 2301 171 2325 ‘¹
191 2279 307 2352 Rieener
325 2297 398 2350 etT
466 2285 647 2349 ''NitzkeT
715 2293 964 2348 L'Herurarmual
1036 2286 1249 2352 “ScarrerotT
1305 2303 1397 2356 econ.
1461 2339 1465 2348 ,
1534 2288 1536 2301 ’

83 2383 167 2436 ciues
186 2379 215 2432 D
287 2369 422 2448 ‘quoque
439 2374 555 2443 setall)
625 2373 764 2430 gOboT
832 2365 843 2400 '¹
863 2374 1002 2429 ObamT
1070 2369 1191 2431 ἰειτιΙίΤ
1241 2371 1355 2452 kquarn
1379 2384 1404 2436 T

82 2453 260 2516 'OrvawT
328 2457 346 2484 ¹¹¹
366 2457 499 2510 Otmarus
518 2457 548 2508 in
567 2455 766 2510 Korrekturl'
834 2456 847 2482 ¹¹
865 2471 897 2510 ac
916 2455 946 2509 D
1015 2456 1251 2516 ⁰testimouioT

622 2627 871 2643 --4-„...„...

83 2692 210 2775 1308.
239 2687 477 2772 December
490 2686 552 2768 22.
606 2737 611 2748 ·
1311 2697 1399 2782 427·

171 2834 339 2900 Friedrich
366 2833 544 2914 Lundprnf
558 2851 617 2895 oon
641 2830 824 2914 Tba'bdnqcn
850 2831 928 2896 loisel
955 2835 1024 2898 dem
1050 2829 1190 2920 Bisclrof
1212 2839 1316 2905 Ulricb
1342 2863 1401 2907 run

127 2925 326 3004 Naumbnrq
354 2927 377 2988 2
398 2923 510 3004 Hatera
537 2924 570 2984 in
592 2921 768 3001 Altcaburp
796 2925 863 3005 auf
883 2925 941 2987 mit
966 2925 1022 2988 der
1043 2925 1131 2990 Barce
1159 2929 1310 2994 diesalben
1332 2933 1401 2996 dom

124 3017 260 3082 Klostcr
282 3015 390 3096 Psorte
416 3014 611 3094 uuaaeipnen
639 3013 709 3076 acad
734 3011 903 3089 bernacer,
932 3015 1008 3078 dass
1028 3037 1062 3080 er
1082 3019 1252 3082 deaaselbea
1274 3021 1402 3086 Kloster

127 3113 172 3190 ¹,r'2
196 3106 286 3186 Hafa
305 3107 342 3168 in
366 3103 560 3169 Tunsclrwa'ta
579 3105 756 3184 aupeeipnet
776 3103 861 3169 habe.
956 3141 963 3155 ·

246 3241 380 3295 Hdscbrn
400 3241 480 3296 D62.
511 3240 536 3294 Τ
545 3231 608 3294 54¹³.
645 3239 726 3294 Aacclr
746 3240 884 3295 entbnlteu
900 3242 932 3296 in
950 3241 1065 3297 araas
1085 3245 1139 3313 (P).

248 3333 360 3388 Druck:
379 3333 516 3388 Deuteclr:
540 3333 627 3401 Wolff
640 3331 683 3402 II,
700 3336 761 3388 330.

174 3466 359 3531 Reverendo
393 3465 523 3529 domino
559 3485 617 3529 suo
643 3465 749 3529 Vlrico
780 3465 1045 3552 Nuenburgensis
1076 3473 1225 3537 ecolesie⁸
1256 3479 1402 3563 episcopo

67 3559 277 3626 Fridericus
309 3557 358 3619 dei
387 3557 494 3639 gracie
524 3554 696 3638 'thuringie
726 3556 939 3640 lantgravius,
970 3559 1152 3642 Mysnensis
1183 3572 1214 3628 et
1234 3565 1403 3633 Orientalis

66 3648 239 3717 marchio
270 3647 483 3729 dominusque
508 3651 590 3710 terre
616 3647 792 3710 Plisnensis
819 3668 892 3712 cum
919 3649 1023 3713 debita
1048 3657 1229 3718 reverencia
1247 3677 1281 3721 se
1302 3666 1402 3724 toturn

63 3747 105 3806 in
146 3739 248 3803 omni
275 3755 390 3818 genere
416 3737 629 3820 conplaeendi.
673 3736 828 3813 Quoniam
856 3739 1076 3822 religiosorum
1097 3747 1263 3810 commoda
1283 3753 1314 3811 et
1334 3771 1404 3832 pro-

59 3837 197 3899 fectus
227 3847 281 3912 pro
312 3846 403 3909 posse
431 3831 462 3891 et
487 3827 616 3891 modulo
642 3833 748 3890 nostro
773 3848 958 3911 promovere
979 3838 1010 3912 et
1029 3834 1179 3917 ampliare
1199 3839 1404 3922 intendimus,

60 3921 222 3988 noverit
253 3917 478 3981 dominationis
509 3924 612 3981 vestre
640 3918 837 4000 nragnitudo,
876 3921 961 4001 quod
993 3923 1229 3990 venerabilibus
1260 3930 1336 3994 viris
1366 3932 1404 3996 de

58 4017 190 4080 Porta
213 4008 366 4072 fratribus
387 4008 507 4071 ordinis
528 4007 755 4088 cysterciensis
785 4009 825 4071 ob
845 4029 984 4074 amorem
1007 4011 1056 4076 dei
1079 4016 1301 4098 omnipotentis
1321 4023 1405 4085 eius-

57 4125 141 4192 que
182 4099 324 4182 gloriose
349 4099 511 4182 genitricis
543 4099 689 4162 dedimus
718 4105 748 4161 et
774 4101 969 4165 contulimus
997 4103 1047 4166 ins
1074 4103 1194 4170 teodale
1223 4110 1255 4170 in
1279 4109 1405 4176 duobus

56 4192 221 4264 mansis
242 4191 312 4254 sitis
333 4191 366 4251 in
390 4208 469 4272 pago
490 4187 772 4271 villa-aldenburg,
794 4211 930 4273 quorum
951 4213 1137 4259 mansorum
1159 4217 1260 4262 unum
1280 4203 1405 4266 anobis

52 4293 94 4354 in
132 4279 246 4350 feodo
276 4279 388 4342 habuit
409 4279 567 4343 lohannes
589 4280 626 4342 de
649 4279 833 4344 Wiaenuels
860 4283 940 4345 civis
967 4285 999 4347 in
1025 4283 1217 4370 Nueuburg,
1244 4291 1402 4374 reliquum

54 4386 203 4446 autem
227 4369 437 4434 Theodericus
463 4377 495 4434 et
515 4369 673 4434 Henricus
702 4371 776 4434 dicti
799 4371 905 4454 Papab
933 4373 1043 4438 fratros
1072 4383 1104 4440 et
1130 4379 1215 4442 cives
1242 4381 1348 4446 itidem
1371 4385 1403 4446 in

53 4473 89 4538 N
96 4464 278 4544 neuburg
300 4481 318 4522 a
340 4460 432 4524 nobis
454 4461 663 4544 possederunt
683 4463 753 4524 iure
775 4462 870 4525 simili
891 4462 1013 4527 feodali.
1053 4465 1119 4530 Nos
1132 4469 1236 4550 igitur,
1258 4474 1333 4554 quia
1348 4474 1406 4536 hos

50 4567 160 4632 duos
208 4552 368 4638 predictos
396 4563 543 4616 mansost
572 4572 590 4615 a
618 4551 707 4616 vobis
729 4551 863 4617 ulterius
884 4554 917 4616 in
939 4553 1030 4620 feodo
1051 4557 1251 4642 habuimusl,
1278 4563 1404 4629 eosdem
