3392 5150
339 386 393 439 260
719 382 946 438 Urkundenbueh
964 381 1013 436 dea
1031 381 1156 436 Klostera
1175 382 1278 436 Pforte.

341 535 450 618 lato.
478 535 565 616 Mal
592 534 629 616 2.
1552 529 1622 613 uo.

419 681 527 762 Eilpcr
554 679 666 762 Proprl
692 681 745 743 das
773 679 865 760 saise
890 699 963 744 aum
989 678 1121 760 heiligon
1143 679 1253 744 Kreua
1271 680 1306 742 in
1330 677 1538 742 Nordtuaascn
1554 676 1623 739 ridu-

379 771 456 835 idest
477 792 520 834 un
542 769 678 834 Konrad
699 790 758 833 oon
779 769 1009 849 Flsminium,
1041 767 1278 849 Reprieturt'us
1297 769 1350 830 ilas
1373 766 1511 831 Klosters
1533 767 1623 847 Psote,

379 862 479 942 maipa
500 861 618 925 Aecae
638 879 679 924 au
701 859 880 923 Brcmbncd.
911 858 975 940 Vqr.
998 857 1057 921 Nr.
1072 863 1144 922 183.

1679 867 1680 924 l

489 995 621 1050 Hdscdr..·
638 994 668 1048 D
688 997 740 1048 47b
759 996 811 1063 (tit.
825 994 1003 1062 Brantbach).

488 1100 598 1155 Druck:
617 1101 752 1155 Daatact:
777 1101 862 1170 Wolff
876 1101 919 1166 II,
938 1105 998 1155 199.

418 1228 566 1312 Elilgerus
587 1229 639 1292 dei
660 1231 761 1312 gratia
783 1231 961 1313 prepositus
982 1228 1116 1293 ecclesie
1138 1233 1245 1291 sancte
1269 1225 1380 1289 Crucis
1408 1225 1440 1287 in
1463 1225 1623 1287 Nortlrusen

339 1319 496 1382 [miversis
517 1323 697 1401 presentem
720 1321 867 1402 paginam
888 1318 1079 1402 inspecturis
1095 1317 1230 1380 salutem
1244 1317 1277 1378 in
1297 1335 1343 1394 eo5
1366 1315 1421 1396 qui
1437 1324 1485 1376 est
1501 1314 1624 1376 omnimo
1679 1337 1680 1386 l

339 1427 415 1472 ‘vera
434 1408 529 1471 salus.
569 1409 690 1472 Terrore
712 1410 909 1490 presentium
931 1408 1189 1490 recognoscimus
1210 1404 1333 1486 liquido
1354 1408 1563 1487 protestantes
1580 1420 1626 1462 rma
1679 1395 1680 1482 l

339 1518 432 1580 agros
460 1498 615 1579 quosdam
644 1491 744 1561 dictos
775 1517 868 1581 gom,
899 1499 975 1561 sitos
1001 1496 1202 1562 Brantbeche
1234 1496 1324 1557 iuxta
1355 1501 1480 1576 pratum
1511 1490 1626 1556 ecclesie
1679 1487 1680 1564 l

338 1587 514 1664 ,Portensis
542 1587 691 1650 (lunrado
717 1589 756 1650 de
779 1588 963 1671 Flemiugen
993 1589 1076 1650 dioto
1097 1585 1261 1649 Portensis
1282 1583 1415 1646 ecclesie
1438 1579 1626 1665 proprietmio

338 1676 510 1739 contulisse
538 1696 575 1740 eo
604 1679 689 1753 iure,
719 1697 782 1758 quo
804 1677 903 1740 nostri
926 1677 1167 1760 predecessores
1187 1675 1393 1738 contulerunt
1413 1670 1547 1736 ecclesie
1565 1670 1628 1733 Por-

338 1765 418 1828 tensi
441 1766 677 1829 conservandos
699 1768 846 1849 superius
866 1773 1048 1830 memorate.
1084 1767 1203 1828 Verum
1227 1784 1266 1827 ne
1288 1783 1385 1847 super
1404 1763 1466 1825 hiis
1488 1763 1521 1824 in
1542 1769 1628 1844 poste·
1679 1767 1680 1798 ¹

338 1875 408 1917 rum
429 1854 533 1918 valeat
556 1855 632 1918 oriri
653 1857 777 1936 questio
799 1857 953 1934 nocitura,
974 1861 1153 1938 presentem
1175 1854 1327 1916 camillam
1344 1852 1450 1915 abbati
1466 1858 1498 1914 ot
1512 1848 1628 1930 collegio

337 1963 410 2026 sepe
439 1945 522 2008 dicte
549 1945 682 2008 ecclesie
710 1946 855 2008 dedimus
884 1945 979 2027 sigilli
1011 1946 1110 2007 nostri
1142 1943 1319 2007 munimine
1352 1941 1556 2009 roboratam,
1585 1938 1627 2018 qui

338 2033 430 2096 nobis
459 2034 497 2097 do
526 2034 619 2097 dictis
647 2035 730 2117 agris
753 2034 833 2098 duos
856 2035 960 2098 bottos
982 2035 1104 2098 dabunt
1123 2034 1288 2096 arrimatim
1309 2043 1341 2094 ot
1361 2050 1416 2095 eos
1438 2027 1628 2093 Meidobmsi

336 2124 573 2206 preserrtabmrt.
625 2127 707 2188 Actu
749 2132 823 2187 sunt
861 2126 919 2186 lieo
961 2144 1044 2186 anno
1089 2125 1208 2186 domiui
1249 2121 1546 2186 ll⁰‹‚tft⁰lixx⁰vl⁰.
1585 2127 1629 2178 tl·

259 2207 260 2212 ’
335 2231 437 2275 nonas
458 2213 542 2276 Maii.

405 2345 416 2374 ¹
438 2332 596 2431 robiratam

866 2439 1034 2448 u--.-—---·
1045 2439 1113 2446 .-.-.--

341 2599 443 2683 1277.
472 2600 589 2682 littra
613 2601 679 2683 20.
707 2600 1004 2703 Ruspenburg.
1558 2599 1630 2681 toi.
1679 2683 1680 2702 p

333 2835 338 2838 ,
420 2758 541 2834 Adur,
562 2757 693 2822 Bertold
711 2759 780 2821 amd
801 2757 968 2822 Friedrich
991 2759 1114 2840 (tirason
1135 2779 1194 2822 von
1205 2757 1414 2822 Rubenswutd
1435 2759 1544 2840 cignea
1564 2755 1629 2820 md

379 2847 584 2928 Resipnotton
604 2847 772 2910 Heinriclas
797 2869 856 2912 oon
877 2847 1052 2928 Donruiorf
1071 2851 1140 2912 und
1162 2848 1330 2911 Heinricds
1357 2869 1413 2911 omi
1433 2848 1560 2912 Hercle·
1576 2847 1631 2909 dan

378 2936 505 3001 Klostcr
525 2937 633 3017 Horte
655 2938 722 3000 eina
742 2936 832 3019 Haase
854 2938 888 3000 in
909 2937 977 3000 deu
1000 2935 1090 3000 aaut
1109 2937 1273 3001 antetuli)
1294 2937 1498 3020 Herdurdorf
1512 2959 1566 3009 aaa,
1592 2935 1632 2996 dio

379 3047 410 3089 es
430 3045 488 3090 oon
509 3029 649 3088 craterem
669 3027 801 3107 pekuuft
818 3027 880 3090 lant.

489 3163 621 3219 Hdschm
638 3163 668 3218 D
686 3169 720 3218 11
739 3167 790 3233 (tit.
805 3165 1011 3236 Hechcudorp).

488 3271 612 3324 Durata
630 3271 739 3336 Bdlmw,
761 3271 936 3341 Todtlieilmtp
954 3276 995 3326 65.
1031 3272 1164 3327 Dattach:
1189 3272 1273 3341 Wolff
1287 3272 1328 3336 ΙΙ,
1346 3276 1407 3327 203.

417 3395 454 3458 ln
483 3396 610 3458 nomino
637 3395 766 3458 domini.
797 3399 910 3460 Amen.
952 3395 1118 3467 Albentus,
1146 3396 1317 3461 Bertoldus
1338 3401 1369 3458 et
1390 3395 1572 3460 Fridericus
1592 3392 1633 3457 dei

338 3485 446 3566 gracia
466 3485 598 3548 comites
620 3485 658 3548 de
681 3485 877 3548 Rabinswalt
899 3486 1056 3548 universis
1078 3485 1195 3550 Christi
1215 3485 1366 3548 fidelibus
1391 3486 1425 3548 in
1446 3493 1633 3570 perpetuum.

339 3573 495 3649 Quoniam
520 3593 569 3647 ea,
600 3595 661 3654 quo
683 3575 783 3638 liunt*
805 3575 836 3636 in
860 3582 1015 3658 temporo,
1039 3583 1181 3658 tempora
1202 3594 1311 3638 secum
1335 3575 1492 3645 naturum,
1515 3591 1633 3638 neccsse

338 3671 387 3726 est
397 3663 538 3746 quelibet
547 3665 783 3727 racionabiliter
794 3671 882 3746 gesta
895 3671 1068 3745 utcumque
1090 3664 1266 3728 litterarum
1278 3670 1309 3728 et
1330 3665 1458 3727 testium
1479 3664 1634 3727 fulcimine

337 3753 536 3836 perhennari.
578 3755 734 3817 Noverint
763 3755 860 3834 igitur
888 3760 952 3816 tam
974 3755 1091 3836 posteri
1115 3774 1210 3835 quam
1232 3763 1406 3836 presentes,
1437 3754 1524 3835 quod
1546 3752 1634 3816 Hein-

339 3844 423 3905 rious
464 3843 502 3906 de
532 3843 682 3926 Tundorp
720 3841 863 3906 vendidit
898 3843 1026 3906 domino
1055 3843 1161 3906 abbati
1197 3849 1228 3906 et
1259 3845 1430 3907 conventui
1461 3840 1633 3907 monasterii

339 3932 501 3997 Portensis
531 3953 586 4016 pro
615 3940 701 3996 cortu
727 3934 861 4016 pecunia
891 3952 1012 3996 summa
1042 3933 1102 3996 sibi
1128 3932 1324 4015 integraliter
1354 3934 1515 4018 persoluta
1545 3949 1633 3995 unum

338 4042 484 4086 mansum
512 4025 608 4086 sitmn
632 4024 667 4085 in
694 4029 818 4086 carecto
846 4023 930 4085 infra
957 4024 1078 4086 curiam
1110 4023 1313 4106 Helendmp.
1360 4023 1422 4088 Sed
1455 4025 1532 4106 quie
1560 4023 1635 4085 idem

338 4111 510 4177 Heinrious
546 4133 694 4176 mansum
730 4114 867 4176 eundem
905 4113 943 4175 de
977 4133 1073 4174 manu
1105 4113 1248 4177 Heinrici
1283 4114 1322 4178 de
1351 4113 1488 4178 Heseler
1519 4109 1634 4176 sculteti

338 4199 367 4264 N
370 4201 603 4285 neuburgensis
631 4203 701 4266 iure
730 4203 832 4265 tenuit
858 4201 989 4275 feodali,
1018 4202 1048 4262 in
1078 4221 1191 4265 manus
1212 4203 1281 4266 eius·
1301 4203 1477 4286 resignavit
1497 4203 1635 4266 eundem.

337 4291 491 4374 Idemque
519 4291 693 4355 Heinrious
720 4291 759 4354 de
787 4291 922 4355 Heseler
949 4290 1087 4354 eundem
1110 4311 1269 4372 mansuum
1293 4292 1368 4374 quia
1388 4293 1493 4377 ipsum
1515 4313 1534 4354 a
1556 4291 1636 4354 nobis

336 4383 405 4442 iuro
440 4381 596 4443 orinsimili
632 4381 746 4452 tonuit,
778 4381 871 4444 nobis
903 4381 942 4442 ad
971 4399 1086 4443 manus
1118 4379 1226 4444 Sitridi
1259 4381 1337 4445 Rost
1368 4381 1514 4446 advocati
1546 4378 1634 4444 nestri

339 4471 515 4553 Nueuburg
545 4473 577 4532 in
608 4472 701 4533 domo
730 4471 868 4534 Ounradi
901 4470 940 4531 de
969 4469 1061 4533 sinze
1093 4472 1266 4552 resignarit
1293 4492 1330 4534 ac
1352 4472 1466 4555 petivit
1485 4491 1550 4534 unu
1572 4488 1636 4532 cum

336 4561 487 4624 Heinrico
520 4561 558 4623 de
588 4561 731 4622 'lrrndmi
762 4580 856 4642 supra
887 4560 971 4621 dioto
1003 4581 1021 4622 a
1054 4561 1145 4623 nobis
1171 4561 1331 4624 humiliter
1356 4562 1578 4640 esurienter,
1607 4568 1635 4620 ut
