3506 5148
304 345 357 432 504
671 374 901 432 Urlruudenbuch
919 375 968 433 des
986 377 1113 434 Klosters
1131 377 1233 435 Psorte.

302 525 336 588 in
357 525 556 608 possessione
577 526 628 590 vel
654 529 745 609 quasi
765 528 846 592 iuris
867 529 963 594 huius
984 530 1069 594 modi
1091 531 1217 614 possitis
1238 531 1418 614 aliqualiter
1439 532 1608 611 molestari,

302 636 358 698 pro
380 616 472 680 nobis
494 621 525 680 et
544 617 660 681 uostris
681 618 739 682 deo
761 618 886 683 volente
906 620 1024 684 futuris
1044 620 1214 686 heredibus
1237 622 1328 686 vobis
1349 626 1380 685 et
1402 622 1484 685 dicto
1502 629 1605 686 vestra

301 707 491 770 monasterio
512 706 713 790 presentibus
734 709 846 773 littoris
865 711 1080 793 promittimus
1101 711 1185 775 bena
1204 711 1274 790 fide,
1305 712 1390 796 quod
1410 714 1462 775 ius
1482 712 1606 776 seudolo

300 798 477 881 predictum
509 817 529 860 a
559 797 631 861 data
659 798 836 862 litterarum
867 802 1066 882 presencium
1092 801 1176 880 vioe,
1207 804 1337 866 nomine
1362 808 1393 865 et
1420 805 1606 865 auctoritate

301 891 414 953 vestris
439 888 619 952 tenebimus
646 900 721 952 seu⁰
748 890 981 972 possidebimus
1009 892 1059 954 vel
1086 893 1191 974 quasi,
1217 913 1386 976 quousque
1413 913 1509 976 super
1529 896 1605 956 resi-

299 982 454 1063 gnacione
479 981 559 1042 iuris
587 979 683 1042 huius
711 980 815 1068 modid
842 1002 899 1044 nos
927 982 1082 1044 duxeritis
1103 983 1326 1065 requirendos,
1350 984 1389 1046 ad
1412 1004 1507 1067 quam
1529 986 1605 1046 resi-

300 1073 497 1154 gnacionem,
517 1069 775 1153 quandocunque
796 1089 851 1154 per
873 1091 928 1133 vos
949 1073 1093 1153 requisiti
1115 1073 1278 1152 fuerimus
1300 1074 1477 1138 faciendam
1495 1094 1556 1136 nos
1575 1081 1605 1136 et

299 1166 425 1224 nostros
454 1161 512 1224 deo
544 1160 697 1223 donantee
724 1161 849 1225 laturos
881 1162 1012 1225 heredes
1044 1162 1244 1245 presentibus
1274 1164 1387 1228 litteris
1418 1164 1605 1246 obligamus,

299 1251 512 1334 appendentes
540 1251 618 1334 ipsis
645 1255 754 1314 nostra
784 1252 886 1335 sigilla
912 1253 946 1316 in
968 1253 1186 1316 testimonium
1208 1255 1449 1336 premissorum,
1476 1273 1604 1337 presen-

299 1341 384 1405 tibus
414 1341 545 1406 Alberto
575 1341 746 1422 burgravio
778 1342 816 1406 de
847 1341 1023 1424 Kirchberg
1060 1345 1305 1426 consanguineo
1343 1348 1451 1406 nostro
1482 1343 1604 1422 dilecte,

299 1433 414 1496 Ottone
435 1435 586 1516 pincerna
606 1434 639 1494 in
652 1431 799 1514 Vdegozf
816 1436 849 1496 et
857 1431 1043 1496 Hermanno
1055 1433 1093 1495 de
1104 1431 1224 1496 Maltitz
1241 1439 1273 1496 et
1287 1433 1433 1515 pluribus
1447 1433 1520 1496 aliis
1543 1433 1604 1496 fide

298 1523 411 1604 dignis.
452 1521 571 1585 Datum
593 1541 678 1584 anno
699 1522 819 1584 domini
840 1531 978 1586 1100οοο
1001 1524 1168 1599 tricesimo,
1187 1528 1298 1586 octavo
1319 1521 1603 1587 idusNovembris.

367 1645 479 1701 'vestri
499 1647 658 1701 monasterii
677 1645 707 1700 D
803 1637 968 1701 bhactenus
985 1647 1052 1714 fehlt
1070 1647 1100 1700 D
1195 1647 1272 1701 euel
1290 1647 1320 1701 D
1408 1638 1602 1702 dhuiusmodi

296 1726 364 1781 iuris
383 1725 413 1780 D
483 1727 597 1781 ‘dante
614 1726 644 1780 D
715 1717 911 1797 ‘vaequeuoz
932 1727 958 1779 T

828 1879 1079 1890 -—--.-...-..-..

297 1932 405 2013 1331.
432 1930 673 2015 November
686 1931 725 2014 3.
1507 1931 1600 2044 513.

377 2068 489 2149 Sopbie
517 2069 677 2132 Aebtissiu
707 2068 777 2130 aad
802 2068 858 2131 der
884 2067 1031 2132 Karseai
1056 2067 1111 2130 des
1132 2066 1399 2132 Nonnenlrloslers
1428 2061 1602 2132 Priessaits

334 2159 488 2223 velatae
508 2159 576 2223 den
596 2157 724 2222 Kloster
746 2157 854 2238 Pscrta
877 2157 1111 2238 Gmneiasclraft
1131 2158 1188 2220 der
1205 2161 1302 2238 quiea
1320 2158 1435 2222 Werke.

445 2287 571 2342 mmm.-
589 2283 742 2351 PertacbI,
759 2288 820 2338 285.
857 2283 1122 2339 emmiu-semmel
1140 2285 1166 2350 I,
1186 2288 1245 2340 182.
1289 2283 1343 2354 Vpl.
1360 2285 1503 2353 &aarum
1520 2289 1580 2340 226.

374 2413 568 2478 Reverendis
588 2415 623 2475 in
645 2411 768 2476 Christo
794 2412 945 2476 iratribus
973 2433 1009 2476 ac
1034 2413 1172 2476 dominis
1198 2413 1326 2476 domino
1353 2411 1458 2475 abbati
1478 2415 1601 2496 totique

295 2505 467 2582 conventui
499 2504 532 2566 in
562 2501 656 2565 Porta
684 2500 801 2584 Sophia
828 2501 987 2565 abbatissa
1015 2506 1164 2584 totusque
1190 2506 1367 2566 conventus
1386 2505 1419 2565 in
1443 2501 1600 2566 Priseaitz

295 2615 369 2658 cum
400 2591 597 2657 orationibus
627 2592 661 2654 in
693 2591 821 2654 domino
852 2591 981 2654 devotis.
1029 2590 1087 2654 Pio
1114 2597 1236 2655 vestrae
1264 2591 1440 2655 devotionis
1465 2593 1600 2671 affeonri,

295 2707 359 2770 quc
386 2684 482 2748 deum
510 2691 541 2747 et
566 2682 709 2746 ordinem
733 2687 879 2744 nostrum
907 2681 1052 2764 diligitis,
1080 2682 1333 2745 vicissitudinem
1352 2682 1526 2765 rependere
1546 2701 1601 2744 cu-

294 2779 426 2860 pientes,
450 2775 619 2858 aliqualem
639 2772 844 2836 concedimus
865 2771 955 2834 vobis
975 2773 1232 2835 communionem
1253 2773 1398 2835 omnium
1419 2773 1600 2836 orationum

294 2872 484 2947 nostrarum,
504 2864 778 2944 abstinentiarum,
798 2863 1001 2940 ieiuniorum,
1022 2863 1275 2946 castigationum,
1296 2861 1440 2925 laborum
1462 2869 1603 2926 caetero-

294 2975 431 3040 rumque
453 2956 608 3018 bonorum
631 2973 776 3036 operum,
806 2971 888 3034 quae
908 2970 964 3035 per
985 2970 1107 3014 sorores
1128 2957 1253 3015 nostras
1274 2952 1394 3032 operari
1415 2951 1604 3034 dignabitur

294 3047 461 3110 clementia
489 3045 669 3123 salvatoris,
694 3043 864 3106 adicientes
888 3042 986 3106 nihilo
1015 3044 1123 3106 minus
1146 3042 1185 3105 de
1215 3043 1317 3125 gratia
1342 3042 1529 3124 spirituali⁸‚
1553 3048 1603 3120 ut,

294 3157 367 3200 cum
389 3135 495 3199 obitus
515 3133 651 3197 alicuius
672 3151 712 3195 ex
732 3132 822 3195 vobis
842 3134 876 3194 in
898 3137 1005 3194 nostro
1026 3131 1163 3196 claustro
1183 3131 1280 3195 fuerit
1295 3132 1470 3210 intimatus,
1492 3133 1526 3196 id
1542 3153 1602 3215 pre

294 3247 330 3290 eo
352 3225 415 3308 fiat,
437 3225 522 3308 quod
544 3244 600 3308 pro
621 3223 844 3286 consororibus
864 3223 981 3284 nostris
1002 3223 1153 3305 praecipit
1163 3223 1265 3285 nostri
1279 3221 1400 3285 ordinis
1413 3224 1603 3287 constitutio

293 3316 457 3402 generalis.
502 3314 541 3376 In
569 3316 661 3377 cuius
687 3315 901 3376 concessionis
928 3313 1145 3376 testimonium
1173 3311 1314 3395 sigillum
1335 3317 1481 3376 nostrum
1505 3313 1603 3376 duxi-

294 3427 367 3470 mus
396 3404 615 3490 praeseatibus
645 3402 895 3487 appendendum.
948 3403 1043 3464 Anno
1073 3402 1194 3465 domini
1227 3402 1320 3482 1331,
1349 3401 1377 3465 3.
1405 3421 1510 3466 nonas
1533 3401 1604 3466 No-

293 3497 440 3561 vembris.

362 3613 374 3642 ⁸
396 3611 578 3668 Vermutblicb
595 3609 683 3679 sciscit
699 3609 800 3679 peleaea
817 3611 884 3663 atati
901 3605 1013 3677 speciali

293 3865 402 3948 1331.
430 3861 668 3945 December
687 3861 750 3943 13.
789 3859 931 3943 llalle.
1501 3860 1605 3943 550.

375 4000 442 4066 ooo
462 3998 649 4080 Erebisolrof
663 4017 722 4062 oon
742 3996 941 4078 Maydadury
961 3997 1071 4078 besreit
1090 3997 1150 4060 das
1165 3993 1292 4058 Kloster
1303 3993 1411 4076 Plbrte
1432 4016 1492 4060 oon
1510 3994 1609 4062 adleta

330 4092 438 4156 Zdllea
457 4090 526 4154 aad
547 4088 695 4168 Abpoden
717 4089 794 4151 dmm
814 4088 961 4168 Verbauf
975 4108 1034 4152 aaa
1052 4087 1140 4150 Waia
1159 4086 1228 4148 aad
1252 4085 1398 4150 Geireidc
1422 4087 1492 4150 aad
1515 4085 1609 4150 beina

329 4182 484 4262 Einlrauf
506 4199 565 4243 vora
595 4178 680 4241 allen
702 4177 943 4257 chenstdnden
964 4177 1066 4240 seinos
1086 4175 1231 4258 Bedarss
1257 4173 1425 4240 inamlraib
1455 4175 1507 4240 des
1529 4196 1609 4242 era-

329 4270 552 4354 biscbb'fliclteo
574 4269 720 4334 Galatas.

438 4397 572 4452 Harena:
593 4393 638 4448 Or.
649 4394 722 4462 Perp.
742 4392 953 4462 Spabqefallen.
982 4392 1082 4459 Horta,
1101 4390 1253 4445 Bibliotltelc
1271 4391 1306 4445 B.
1317 4394 1359 4446 18.
1379 4421 1412 4430 —
1430 4390 1520 4446 D133
1545 4396 1610 4462 (tit,

489 4477 533 4530 De
551 4474 699 4541 theloneo).
729 4474 819 4527 Teos.

439 4569 552 4623 Dmck:
570 4568 706 4622 Deutecb:
728 4565 814 4633 Wolff
828 4565 870 4631 II,
889 4568 948 4619 435.
991 4564 1046 4634 Vqr.
1065 4563 1190 4628 Boebme,
1212 4561 1397 4620 Nachricbtea
1414 4567 1457 4624 38.
