3392 5150
337 401 389 459 310
711 397 942 457 Urlnmdenbueh
960 399 1008 457 des
1025 401 1153 458 Klosters
1170 403 1273 458 Plorte.

338 557 370 615 et
391 551 537 630 dimidia,
559 571 621 633 que
643 552 818 635 vulgariter
839 554 990 617 diounurr
1010 554 1159 637 gelenge‚
1184 556 1218 616 in
1244 573 1310 618 una
1336 559 1425 639 parte
1453 555 1486 618 in
1510 555 1613 638 lungun

339 641 435 704 dueta
455 643 645 722 contingunt
665 647 814 722 montem,
837 645 890 724 qui
913 643 1238 723 diciturLustilberd,
1260 643 1373 707 inulla
1394 651 1483 728 purte
1500 645 1615 708 similiter

337 731 371 793 iu
402 731 533 814 longum
559 731 655 794 dueta
681 734 871 816 contingunt
897 735 1056 812 semitam,
1086 754 1143 817 per
1178 753 1274 815 quarn
1307 734 1346 798 de
1372 735 1544 818 Nuenburg
1569 737 1615 798 itur

339 821 545 904 Vlemiugen,
573 841 591 883 a
619 822 717 885 latere
745 841 821 885 vero
848 843 960 886 versus
986 823 1165 906 Nuenburg
1190 825 1380 906 contingunt
1409 843 1501 907 agros
1520 825 1614 888 domini
1680 823 1681 866 Ὗ

338 910 465 992 plebani
484 911 518 972 in
533 910 731 994 Aldenburg,
755 918 819 975 tres
842 931 970 994 quoque
990 912 1144 996 particule
1166 913 1309 976 eiusdem
1331 915 1434 978 mansi
1455 915 1617 998 contingunt
1679 911 1681 949 ³

339 1001 499 1074 semitam,
528 1019 590 1081 que
618 999 707 1062 dueit
728 1001 767 1064 de
788 1001 979 1084 Aldenburg
998 1021 1111 1066 versus
1134 1003 1373 1067 molendinumb
1394 1002 1576 1088 Regilsmul,
1596 1011 1616 1068 et
1680 1042 1681 1090 r

338 1088 466 1153 residue
494 1089 649 1172 particule
676 1091 735 1153 site
762 1097 837 1154 sunt
856 1092 941 1154 inira
962 1089 1048 1155 idem
1070 1093 1303 1172 molendinum,
1331 1103 1482 1158 anostra
1507 1093 1617 1158 eeclesia

340 1177 422 1241 sieut
448 1179 605 1261 prefatum
636 1178 779 1259 quartale
801 1198 874 1242 oum
896 1181 977 1242 areis
999 1185 1031 1243 et
1052 1199 1197 1245 mensum
1219 1183 1283 1244 iem
1305 1183 1424 1247 dietum
1446 1203 1518 1247 eum
1538 1186 1618 1247 omni·

340 1267 400 1330 bus
426 1269 492 1332 suis
516 1269 716 1350 pertinentiis
747 1267 916 1332 habuimus
937 1259 978 1333 err
999 1271 1146 1352 antiquo,
1174 1273 1207 1334 in
1233 1275 1463 1338 monesterium
1490 1274 1617 1338 Portensa

341 1358 379 1422 de
422 1359 518 1421 totius
557 1359 658 1421 nostri
690 1359 820 1442 capituli
852 1361 996 1422 unanimi
1030 1381 1188 1424 consensu
1221 1363 1441 1428 transtulimus
1473 1369 1504 1428 et
1531 1370 1618 1428 tenore
1678 1356 1684 1409 l

340 1449 534 1531 presentium
563 1449 785 1511 transferimus
811 1455 963 1532 perpetuo
990 1452 1227 1534 possidendum.
1269 1454 1307 1517 In
1334 1456 1427 1518 euius
1449 1455 1496 1518 rei
1516 1455 1618 1537 signum
1680 1504 1681 1515 ,

340 1543 520 1622 presentem
538 1537 676 1601 litteram
698 1541 798 1602 nostri
820 1540 915 1622 sigilli
933 1541 1111 1605 munimine
1132 1543 1267 1606 fecimus
1288 1543 1439 1606 roborari.
1480 1543 1543 1608 Nos
1560 1563 1620 1624 quo·
1681 1569 1682 1572 ¹

340 1647 403 1710 que
423 1627 534 1692 Bruno
555 1628 607 1690 dei
628 1630 730 1710 gretia
750 1631 937 1712 prepositus,
960 1629 1191 1696 cunemundus
1212 1631 1352 1698 decanus
1373 1639 1535 1716 totumque
1555 1634 1621 1696 dioto
1681 1655 1682 1662 ¹

340 1718 474 1782 eoelesie
495 1717 762 1799 Nuenburgensis
783 1720 956 1802 eupitulum
975 1721 1015 1783 ad
1032 1722 1276 1805 exprirnendum
1289 1728 1434 1788 nostrum
1452 1741 1621 1788 eonsensum

340 1808 502 1891 premissis
526 1806 673 1872 omnibus
695 1807 868 1872 liberaliter
879 1811 1060 1890 aceessisse,
1081 1810 1221 1892 sigillum
1243 1814 1342 1875 nostri
1364 1813 1496 1896 capituli
1514 1831 1622 1896 presen-
1681 1855 1682 1858 κ

339 1896 425 1960 tibus
460 1897 606 1960 similiter
638 1898 791 1960 duxirnus
824 1899 1057 1982 apponendum.
1102 1900 1209 1964 Huius
1234 1909 1339 1966 autem
1372 1903 1418 1966 rei
1446 1909 1540 1966 testes
1563 1908 1622 1964 sunt

340 1987 543 2050 honorabiles
565 1988 633 2065 viri,
655 1987 769 2051 Petrus
796 1989 943 2072 scriptor,
972 1989 1147 2068 Hennaeus
1182 1991 1255 2054 Otto
1283 1992 1321 2055 de
1348 1991 1473 2055 Golditz
1499 1993 1623 2055 oauonioi

340 2075 509 2156 Cyoenses
530 2076 689 2140 Iohannes
711 2078 749 2140 de
772 2078 946 2142 Gozirstete
967 2081 1118 2157 notarius,
1138 2079 1345 2146 Hermannus
1365 2081 1404 2146 de
1421 2081 1624 2147 Wildenburn.

339 2165 572 2228 Thiuemannus
593 2167 631 2229 de
653 2167 832 2246 Bokeria,
855 2168 1013 2232 lohannes
1036 2170 1075 2233 de
1097 2170 1256 2235 Hauevelt
1275 2171 1400 2250 milites,
1422 2171 1577 2236 Volradus
1595 2171 1624 2233 de

341 2253 471 2334 dolote,
492 2256 698 2320 Hermannus
720 2263 751 2320 et
767 2258 948 2321 Vlmannus
969 2259 1008 2322 de
1025 2262 1161 2324 tr'usowe
1183 2262 1296 2325 fratres
1316 2281 1391 2324 oum
1412 2262 1485 2325 aliis
1500 2262 1625 2346 pluribus

339 2346 405 2409 lide
427 2346 539 2429 dignis.
581 2346 698 2410 Datum
720 2347 805 2428 Gyee
826 2365 909 2411 anno
931 2348 1051 2412 domini
1077 2359 1194 2414 ΜΘΟΟ0
1220 2349 1427 2434 nonagesimo
1459 2357 1560 2430 sendo,
1588 2369 1625 2414 se

339 2437 438 2519 ptimo
460 2436 532 2499 idus
553 2435 673 2512 Marcii,
694 2436 867 2502 indictione
888 2457 981 2501 nona.

410 2560 590 2616 ‘lusterbere
607 2561 637 2614 D
708 2552 720 2590 '³
738 2561 927 2618 melendinum

341 2863 455 2945 1296.
482 2862 569 2944 Mal
595 2863 660 2948 29.
688 2864 916 2946 lllsenaoh.
1552 2863 1628 2946 322.

420 3008 528 3088 Kduip
549 3008 654 3090 Adols
678 3009 819 3090 bestdtr'pt
843 3011 912 3072 dem
934 3009 1061 3074 Kloster
1082 3009 1191 3092 Pforle
1216 3011 1276 3074 deu
1297 3011 1405 3075 Bestia
1431 3011 1487 3074 des
1515 3011 1582 3076 Sees
1603 3007 1630 3068 bt

380 3097 568 3174 Brentani,
599 3097 654 3161 der
683 3097 785 3178 Voytei
809 3099 843 3161 a'a
866 3097 1020 3162 Zaelewur
1043 3101 1113 3162 aud
1135 3101 1190 3162 der
1214 3101 1314 3186 (litter
1338 3100 1375 3163 a'n
1403 3100 1559 3178 Wa'lsdorf
1573 3095 1631 3160 und

382 3189 502 3264 Laeua,
533 3187 642 3251 welche
674 3208 704 3250 es
733 3209 799 3252 vom
820 3187 1044 3270 Naumburper
1069 3189 1207 3271 Biscbof
1231 3189 1304 3253 oder
1334 3189 1403 3252 den
1437 3186 1630 3269 Laudprasm

380 3277 527 3342 Albreeld
547 3279 616 3341 aad
637 3277 731 3342 deren
752 3277 961 3344 Lobusleaten
982 3279 1136 3344 erauorbeu
1156 3279 1220 3357 but,
1241 3277 1341 3343 bebdlt
1355 3279 1466 3360 jedocla
1486 3279 1550 3342 sicli
1571 3273 1632 3338 urrd

379 3369 486 3432 selaeu
520 3367 733 3450 Naobfolperu
764 3369 823 3432 dus
855 3368 950 3433 Reebl
983 3390 1037 3433 oor
1069 3369 1130 3432 den
1157 3369 1212 3434 See
1242 3370 1300 3449 fiir·
1333 3369 1393 3432 dus
1413 3367 1510 3432 Rea
1544 3362 1633 3430 duret

383 3458 529 3537 Zabbuuu
550 3479 609 3522 vora
631 3463 697 3522 100
716 3457 818 3522 Mart
837 3459 1127 3540 saedeleukaafeu.

491 3591 621 3646 Hdacum
649 3591 693 3648 Or.
714 3593 787 3660 Perp.
810 3593 855 3660 Sp.
880 3594 1034 3662 abqefalbrn.
1059 3593 1182 3662 Laipso,
1217 3591 1394 3651 unia-Bal.
1415 3623 1450 3632 -
1466 3593 1553 3647 Dm
1587 3588 1633 3654 (td.

539 3671 700 3737 Ozebekur).
723 3673 814 3730 Taua.

489 3777 613 3832 Drawke:
632 3777 777 3844 Menolcel,
792 3781 850 3835 779.
888 3779 1139 3834 nazaraeorum
1149 3779 1173 3845 1,
1182 3783 1242 3836 228.
1280 3779 1414 3833 Deutscb:
1440 3774 1634 3846 Wozffsseso.

546 3858 600 3927 Vqr.
620 3857 735 3911 Parui
746 3859 771 3924 1,
789 3860 847 3912 120.
870 3858 1156 3926 Baua-muamus,
1176 3863 1217 3916 77.
1254 3857 1380 3925 nonme,
1398 3859 1461 3928 noy.
1476 3859 1539 3925 rap.
1551 3849 1635 3915 Aodi·

538 3940 590 3996 ur.
600 3942 660 3992 314.

417 4061 554 4126 Adultus
583 4061 633 4125 dei
660 4061 767 4144 grauia
792 4061 1008 4124 Romanorum
1037 4081 1095 4124 rex
1125 4081 1251 4146 semper
1271 4067 1434 4144 angustus.
1476 4049 1637 4124 Universis

337 4153 463 4236 imperii
489 4151 640 4215 fidelibus
668 4156 831 4234 presentes
856 4149 977 4214 litteras
1003 4150 1194 4234 inspecturis
1220 4151 1359 4234 graciam
1383 4171 1475 4214 suam
1495 4155 1528 4212 et
1550 4157 1637 4206 omne

338 4243 466 4305 bonum.
509 4241 542 4305 Si
575 4241 614 4304 ud
648 4239 799 4304 eeclesias
819 4246 851 4304 et
871 4241 942 4303 loeo
963 4240 1174 4320 venerabilia,
1209 4241 1241 4302 in
1273 4239 1391 4322 quibus
1423 4241 1554 4324 placens
1584 4231 1638 4292 dtss

337 4332 448 4414 religio
470 4331 613 4394 noscitur
634 4331 779 4408 militare,
799 4331 915 4394 mentis
937 4337 1043 4393 nostre
1066 4330 1167 4393 oeulis
1188 4331 1511 4393 intuemurotrotive
1530 4325 1639 4414 liberaj

337 4421 434 4484 litatis
464 4425 571 4484 nostre
601 4420 777 4484 munimine
807 4420 1007 4499 decoramus
1048 4427 1080 4482 et
1113 4420 1316 4484 laudabiliter
1348 4420 1511 4503 regiminis
1544 4415 1639 4504 nosm-

338 4511 490 4588 ollieiunr,
513 4511 597 4590 quod
618 4531 635 4571 a
655 4509 805 4592 largitore
827 4510 984 4573 bonorum
1006 4511 1148 4572 omnium
1172 4511 1307 4592 sumpsit
1325 4510 1501 4581 exordium,
1523 4513 1639 4578 exeqssl

338 4606 370 4662 et
401 4598 485 4680 apud
517 4601 622 4681 ipsum
657 4600 768 4662 merito
800 4599 921 4682 premia
952 4599 1092 4682 recipere
1125 4599 1285 4663 eredimus
1317 4600 1516 4682 sempiterna.
1560 4590 1640 4653 Sane
