3400 5148
248 467 250 470 .
307 417 356 474 loo
675 412 905 469 Urkuudcnbuch
923 412 971 468 des
990 411 1115 467 Klosters
1134 410 1235 470 Piorte.

306 567 547 634 Nommscrmaa:
573 565 817 638 Niwenburgeusis
835 570 901 619 atatt
919 563 1184 634 vaauburgeuais‚
1204 561 1397 626 Hennenberc,
1418 545 1597 630 Heldrimgeu,

306 647 483 702 Minaeubcrc
535 647 545 672 ⁰
565 646 660 702 [aaa
679 647 770 701 &aaa
790 649 838 712 fiir
855 645 933 700 eiam
951 645 1065 701 Nomen.

380 760 471 833 ¹Vql.
490 763 598 829 Nare,
620 763 686 815 M.
742 759 845 815 rema
863 757 1073 813 sextodecimo.
1131 756 1233 813 eatae
1254 756 1392 812 tricesimo
1410 771 1491 814 nono.

835 924 1085 934 -ι-..ι--ι-ψ--η-

294 1095 415 1179 raet.
444 1092 683 1177 November
708 1093 771 1175 23.
801 1093 915 1195 dep.¹
1525 1091 1601 1172 llo.

389 1253 496 1320 ebert
524 1251 615 1334 tiras
637 1271 696 1316 vora
722 1250 929 1318 Rcbeaswold
960 1251 1110 1316 bebrordct
1134 1252 1223 1315 einen
1243 1250 1353 1332 friiber
1373 1249 1523 1314 amedaeo
1544 1249 1602 1312 dara

348 1341 475 1408 Kaster
492 1340 598 1425 Psorte
617 1341 686 1404 aad
701 1341 838 1406 Korerad
858 1341 1007 1406 Barbare
1025 1341 1210 1422 pertractatae,
1233 1341 1304 1406 aber
1326 1361 1383 1404 corr
1404 1339 1511 1403 dassen
1528 1339 1603 1404 Sobn

348 1431 486 1497 Korrrod
506 1451 565 1494 oon
586 1428 789 1511 Widdendorf
800 1431 1036 1514 mapesocbteaea
1060 1431 1181 1494 Toaacb
1202 1452 1260 1494 von
1273 1429 1443 1496 Aecbern'
1433 1450 1466 1493 m
1478 1428 1604 1494 Haedor-

348 1523 427 1606 dorf
442 1521 491 1586 ab
513 1519 689 1586 Lelroabw
710 1521 763 1584 des
783 1522 933 1600 lanterna,
956 1520 1106 1584 eddadem
1125 1521 1184 1584 dus
1206 1519 1416 1602 Loadpertcbt
1403 1519 1493 1583 idue
1515 1517 1605 1598 Zoup-

350 1610 417 1676 aiss
435 1613 491 1676 dea·
510 1610 676 1676 Mdacbe'
666 1630 700 1673 m
720 1611 803 1675 aba
824 1613 991 1676 &crassen
1018 1611 1071 1674 des
1092 1609 1233 1675 Klosters
1261 1611 1310 1674 als
1328 1609 1459 1690 addicas
1479 1607 1606 1672 Beweie

349 1701 445 1768 mida
465 1701 583 1766 erbldod
601 1701 665 1767 bot.

460 1835 592 1892 Hdacbrs
610 1836 639 1890 D
657 1827 707 1890 100
724 1838 776 1904 (aa
789 1836 994 1908 Hachendorp).
1027 1837 1049 1890 T
1063 1841 1123 1891 235.

461 1941 587 1998 Macte:
606 1942 714 2009 Bdbmc,
736 1942 912 2012 Yodtbcilmrp
930 1947 971 2000 47.
1008 1942 1140 1996 Dcatocb:
1166 1943 1248 2010 Wolff
1263 1941 1305 2006 H,
1325 1945 1368 1995 27.

391 2069 543 2135 Albertus
564 2069 617 2134 dei
636 2071 738 2154 gratia
758 2089 865 2135 comes
887 2071 926 2134 de
948 2070 1159 2134 Raueuswalt.
1195 2069 1359 2134 Universis
1381 2069 1498 2132 Christi
1511 2069 1610 2134 fideii·

310 2161 370 2225 bus
391 2161 474 2223 hanc
492 2159 640 2245 paginam
662 2161 861 2244 inspecturis.
894 2161 975 2226 Cum
996 2162 1079 2225 iuter
1106 2159 1303 2224 venerabiles
1337 2158 1430 2239 viros,
1467 2159 1610 2222 abbatem

311 2255 343 2315 et
364 2255 558 2314 conventum
580 2249 742 2314 Portensis
763 2251 949 2315 monasterii
970 2249 1200 2331 Cpsteruiensis
1221 2249 1350 2328 ordinis,
1377 2255 1409 2313 et
1430 2249 1610 2313 Conradum

312 2339 444 2404 militem
473 2338 513 2403 de
535 2337 634 2418 Wie⁸,
661 2357 756 2420 quem
785 2339 933 2403 dicebant
953 2340 1112 2415 Burnum,
1141 2340 1172 2402 in
1195 2340 1338 2402 terminis
1360 2341 1447 2402 curia
1469 2339 1613 2404 Hechen-

313 2430 392 2512 dorp
424 2429 497 2492 hinc
528 2426 602 2491 inde
636 2428 772 2510 quedam
803 2430 887 2492 iacta
926 2437 1008 2492 esset
1041 2449 1189 2512 agrorum
1219 2431 1423 2493 commutatio
1455 2441 1612 2494 annuente

312 2517 415 2583 felicis
441 2518 593 2582 memorie
621 2523 708 2601 patre
731 2525 848 2597 nostro,
874 2520 988 2582 comite
1008 2519 1170 2583 Guutbero
1193 2520 1231 2582 de
1253 2518 1493 2596 Kci'ernberoh,
1515 2540 1533 2582 a
1555 2539 1614 2600 quo

313 2609 417 2674 dictus
439 2608 607 2671 Comedus
629 2628 703 2672 suos
724 2629 816 2691 agros
843 2611 913 2672 iure
943 2615 1088 2674 tenuerat
1115 2607 1244 2688 feodali,
1267 2609 1350 2690 agris
1371 2609 1488 2672 nichilo
1511 2609 1614 2672 minus

315 2699 445 2763 alterius
471 2699 569 2780 partis
598 2699 666 2762 vice
693 2701 807 2782 prioris
835 2697 983 2762 beneficii
1013 2700 1146 2783 receptis
1177 2699 1215 2760 ab
1249 2698 1359 2762 codem
1390 2699 1422 2760 in
1452 2699 1617 2763 beneficio.

315 2789 482 2852 transactis
507 2798 572 2851 xm
600 2789 692 2852 annis
720 2789 770 2852 uel
797 2790 947 2872 amplius,
975 2789 1091 2872 quibus
1117 2791 1243 2852 fratres·
1259 2789 1297 2851 de
1327 2788 1422 2852 Porta
1449 2790 1481 2850 in
1512 2789 1616 2870 quieta

315 2880 442 2942 fucrant
462 2879 670 2962 possessione,
692 2877 859 2942 Comedus
881 2879 920 2942 de
935 2878 1153 2962 Wildeudorp
1174 2878 1261 2942 filius
1282 2878 1445 2941 memorati
1468 2877 1617 2942 Gu‘nradi.

316 2969 349 3032 in
375 2967 535 3052 presentia
562 2969 662 3030 nostri
690 2969 773 3050 cepit
798 2969 880 3032 ‘velle
905 2969 1026 3032 factum
1052 2968 1272 3032 concambium
1300 2973 1471 3032 retractare
1501 2969 1618 3036 dicens,

317 3056 402 3138 quod
430 3057 563 3120 testibus
591 3076 654 3120 non
684 3065 790 3140 posset
816 3057 956 3140 probari,
987 3059 1047 3120 nisi
1074 3059 1155 3122 forte
1183 3059 1331 3122 domiuus
1361 3057 1457 3122 abbas
1488 3078 1617 3122 suomm

316 3149 450 3211 fratrum
473 3147 654 3210 testimonio
678 3152 833 3223 uteretur,
862 3147 902 3210 ad
928 3148 1011 3228 quod
1040 3157 1142 3211 tamen
1167 3148 1300 3211 atirersa
1321 3167 1394 3231 pars
1415 3147 1504 3210 nullo
1527 3148 1619 3211 modo

317 3235 542 3300 consentiebat.
577 3236 669 3300 Unde
692 3235 798 3299 habito
820 3237 951 3300 consilio
971 3238 1004 3299 iu
1027 3237 1141 3319 placito
1166 3237 1359 3321 provinciali
1381 3237 1432 3300 oui
1455 3248 1532 3303 tuuc
1552 3259 1620 3320 pro·

317 3326 400 3390 sedit
419 3324 552 3388 illustris
564 3326 719 3408 princeps,
730 3325 1084 3410 HeinricusThun'ngie
1106 3327 1302 3410 lantgravius
1318 3338 1348 3390 et
1364 3326 1620 3391 comesSaxonie

316 3415 483 3499 palatinus,
504 3415 627 3493 iuloco,
650 3435 744 3496 quem
756 3418 824 3498 Asp
846 3415 964 3496 dicunt
985 3417 1145 3480 assidente
1167 3417 1227 3480 sibi
1247 3417 1346 3480 nobili
1367 3418 1444 3495 viro,
1463 3417 1620 3482 Cristr'auo

318 3506 432 3569 comite
464 3505 503 3569 de
535 3504 725 3586 Kirchberg,
760 3507 919 3586 quesitum
951 3513 999 3569 est
1024 3525 1081 3590 per
1108 3507 1296 3570 sententiam
1320 3511 1351 3569 et
1376 3507 1543 3570 inventimr
1568 3527 1622 3589 por

318 3596 485 3658 honestum
509 3595 611 3657 virum
633 3595 802 3677 vaonem
825 3595 863 3658 de
885 3593 1114 3678 Sumeriggenb
1136 3596 1292 3672 omuibus,
1317 3597 1371 3676 qui
1394 3602 1469 3659 tunc
1491 3597 1622 3662 affuere.

319 3683 530 3763 laudantibus,
553 3684 639 3764 quod
659 3685 782 3748 licitum
806 3692 853 3749 est
875 3684 1123 3749 dominoabbati
1140 3687 1173 3748 iu
1190 3687 1388 3764 causiacum,
1410 3687 1477 3750 sive
1495 3687 1620 3750 civilem

320 3775 386 3837 sive
409 3773 606 3837 criminalem
627 3773 810 3838 contineant
831 3777 1038 3856 questionem,
1061 3777 1193 3838 fratrum
1210 3795 1341 3839 suorum
1356 3777 1399 3838 uti
1425 3777 1624 3840 testimoniis.
1686 3821 1687 3830 2

319 3883 359 3926 ue
381 3868 508 3946 propter
529 3863 689 3926 defectum
715 3865 843 3926 testium
867 3865 917 3926 ius
937 3884 1047 3928 eorum
1069 3866 1100 3926 iu
1125 3866 1231 3946 aliquo
1253 3864 1358 3928 valcat
1345 3865 1531 3948 t.doperi1e
1578 3867 1624 3929 No

319 3954 416 4036 igitur
444 3952 592 4032 aliquis
584 3972 617 4013 m
644 3973 700 4035 pos
702 3958 805 4016 terum
828 3973 922 4036 super
944 3953 1038 4016 hruus
1060 3953 1146 4017 nrodi
1166 3955 1351 4018 concambio
1374 3960 1434 4017 test
1422 3955 1507 4018 tibus
1533 3957 1624 4018 suiti-
1686 4007 1687 4020 ,

318 4043 438 4106 cienter·
459 4041 590 4124 probato
559 4043 724 4104 t·frat1es
745 4043 783 4104 de
806 4043 901 4105 Porta
922 4043 1051 4106 soleat
1046 4042 1235 4106 ollicitare⁰
1238 4051 1449 4128 presentem
1472 4047 1687 4128 pagiuam

318 4131 420 4216 sigilio
447 4137 554 4195 nostro
582 4133 717 4194 fecimus
745 4132 895 4195 roborari.
936 4133 1043 4196 Testes
1073 4133 1245 4196 Heinricus
1273 4134 1311 4196 de
1333 4133 1423 4196 Wic²
1447 4153 1624 4198 convorsus
1686 4145 1687 4222 ᾗ

318 4221 489 4300 Portensis
511 4221 717 4284 Meinhardus
740 4222 778 4284 dc
799 4222 957 4304 T‚undorp
979 4221 1151 4285 Heinricus
1174 4221 1212 4285 de
1232 4221 1428 4304 Meidingen
1449 4223 1626 4287 Heinricus
1686 4233 1687 4292 1

317 4311 439 4395 dapifer
468 4319 590 4380 noster,
624 4309 796 4374 Heinricus
822 4313 860 4374 de
888 4311 1091 4375 Nucsezet
1060 4317 1091 4374 et
1117 4312 1169 4375 alii
1198 4331 1292 4393 quam
1323 4312 1431 4395 plures
1458 4313 1517 4376 viri
1549 4295 1687 4376 boni
1686 4351 1687 4376 t

317 4401 497 4466 testimonii.
540 4385 621 4464 Acta
642 4407 718 4463 seint
706 4402 796 4464 thee
819 4421 902 4463 orino
923 4402 1023 4500 gratie
1044 4410 1160 4464 a1⁰to⁰
1172 4411 1274 4464 ΧΧΧο
1286 4411 1364 4468 ΧΙΙο,
1326 4401 1627 4480 Iiudictiouex²

316 4499 414 4554 VIIII⁰
435 4489 587 4555 kalendas
607 4489 821 4554 Decembris
814 4511 846 4552 m
868 4491 947 4568 loco,
970 4490 1024 4570 qui
1047 4490 1163 4553 dicitur
1184 4492 1275 4576 Αερ.ι

386 4615 514 4670 *WeT
565 4608 804 4690 beomengger*
853 4614 1019 4672 esolicitata
1037 4614 1066 4668 D
