3392 5150
558 399 608 458 Nr.
619 399 765 458 art-ata.
785 399 861 457 1299.
1314 399 1365 456 327

84 552 194 634 uirgims
214 551 359 634 gloriose.
400 549 438 613 ln
459 551 552 614 cuius
572 551 619 614 rei
640 552 766 632 signum
789 553 968 633 presentem
990 549 1126 612 litteram
1148 549 1243 632 sigilli
1265 551 1365 614 nostri

84 641 237 704 munimine
264 640 398 703 fecimus
425 640 574 704 roborari.
617 639 683 704 Nos
710 658 838 721 qnoque
859 639 1032 702 Heinricus
1058 640 1111 702 dei
1132 641 1233 722 gratia
1253 661 1365 724 prepo-

83 730 147 810 situs,
159 729 337 794 Herbertns
348 729 488 794 decanus
500 735 666 812 totumque
679 729 761 793 dicte
772 729 1028 812 Mersbnrgensis
1038 730 1172 794 ecclesie
1189 730 1364 813 capitulum

83 821 110 882 ad
136 820 379 904 exprimendum
418 825 561 884 nostrum
594 839 786 884 consensum
817 820 980 902 premissis
1012 817 1160 883 omnibus
1191 820 1365 884 liberaliter

82 911 248 987 ncessissa
291 900 429 994 sigillum
478 911 576 974 nostri
615 910 746 993 capituli
783 909 984 993 presentibus
1026 909 1172 974 similiter
1211 910 1364 974 duximus

82 995 308 1084 apponendum.¹
333 1000 440 1064 Huius
463 1001 508 1064 rei
533 1005 629 1064 testes
650 1005 725 1063 sunt
746 998 948 1063 honorabiles
975 999 1049 1078 viri,
1071 997 1237 1063 Conradns
1260 999 1364 1064 dictus

81 1089 685 1172 Heucsnu'tcanonicusncusburgensis,
707 1088 874 1152 Conradus
896 1089 1039 1152 notarius
1060 1097 1177 1167 noster,
1197 1089 1364 1154 Conradus

82 1178 197 1258 linuto¹‚
217 1179 391 1244 Heinricus
412 1179 452 1243 de
474 1179 649 1251 Slatebach,
675 1179 800 1242 Vlricus
822 1179 862 1242 de
884 1177 1009 1243 Zweine
1032 1183 1064 1242 et
1083 1179 1181 1243 Heiso
1204 1179 1243 1244 de
1264 1179 1364 1244 Mers·

82 1269 143 1353 burg
170 1269 286 1334 milites
314 1289 388 1333 cum
414 1269 484 1332 aliis
509 1269 654 1353 pluribus
679 1269 744 1332 tide
774 1269 887 1350 dignis.
934 1267 1052 1332 Datum
1084 1269 1253 1350 Mersburg
1280 1289 1364 1333 anno

81 1359 182 1424 donini
202 1370 317 1425 M⁰OC⁰
339 1360 544 1442 nonagesimo
565 1361 648 1436 1X0b,
670 1358 821 1422 kalendas
843 1357 997 1422 Octobris

131 1501 143 1528 ⁸
159 1517 177 1554 c
194 1499 243 1554 mit
262 1497 376 1552 medear
387 1497 464 1552 lintc
479 1497 642 1566 panchricben
661 1497 704 1551 als
721 1495 763 1550 die
780 1495 996 1564 ooraapeluendca
1005 1495 1176 1550 Bachatabca
1246 1487 1260 1524 l
1284 1496 1369 1565 Wolff

80 1579 130 1634 suu
155 1579 210 1634 1x⁰
236 1595 297 1634 aum
321 1579 497 1646 romonae.
538 1577 583 1630 Im
615 1577 740 1645 Oripinul
769 1576 806 1630 iat
839 1577 928 1629 hintcr
953 1578 1006 1630 1Χο
1041 1593 1086 1630 am
1114 1575 1193 1630 Euda
1221 1576 1268 1631 dar
1295 1577 1365 1630 Zcile

80 1659 142 1714 lcarer
160 1659 252 1714 Mam
268 1659 397 1730 pcblacbca
415 1659 474 1712 aad
493 1657 626 1712 kalendas
641 1655 771 1712 Octobris
787 1657 854 1726 sotpt
871 1657 1022 1724 ausaausa
1040 1657 1118 1712 Zeila

587 1813 837 1822 -η-α--ιι-ι--ι-

79 1941 175 2024 1299.
203 1941 392 2024 eunocu-
417 1939 482 2024 29.
1271 1939 1363 2022 342.

142 2093 287 2158 Lambcrt
318 2094 431 2174 Propon
463 2113 505 2158 aa
536 2092 579 2159 St.
608 2091 741 2158 Marion
774 2097 808 2156 tn
837 2093 955 2176 Erfart
993 2093 1159 2169 detondet,
1196 2092 1272 2155 dass
1301 2093 1364 2158 Abt

105 2183 241 2248 Districh
260 2203 319 2246 oon
341 2181 460 2264 Psortc,
487 2203 542 2246 am
570 2183 631 2246 den
652 2181 790 2248 Mareu
810 2183 866 2246 dar
884 2183 1013 2266 albu-ipen
1035 2183 1149 2247 scinem
1169 2179 1296 2246 Kusrer
1314 2203 1364 2263 pe-

104 2275 227 2356 hdripcn
256 2277 297 2337 10
318 2271 430 2354 Hafar
457 2273 491 2336 in
513 2271 716 2336 Rebehauscn
737 2271 914 2351 abaaldsen,
940 2273 1008 2336 eine
1027 2272 1117 2355 Hafa
1136 2271 1222 2336 nabet
1241 2272 1364 2354 ainipen

105 2365 225 2429 aaran
247 2361 459 2444 Besnauauen
480 2383 524 2426 an
543 2363 595 2426 die
614 2363 732 2443 dortipe
752 2361 871 2425 Kirche
890 2361 1062 2444 ochtretcn
1082 2360 1167 2425 haba.

211 2517 346 2574 naen:
365 2511 456 2574 D55b
474 2518 526 2586 (tit.
546 2517 731 2589 Rogehusen).
752 2517 777 2571 T
788 2507 867 2572 1162.

212 2645 327 2702 muca:
347 2646 484 2700 naas:
511 2645 644 2713 nortun,
663 2649 722 2700 aar.

144 2800 210 2866 Nos
241 2799 429 2884 Lampertus
466 2800 517 2862 dei
553 2799 655 2882 gratia
683 2800 861 2884 prepositus
891 2809 999 2864 sancte
1033 2801 1130 2864 llarie
1163 2801 1365 2866 Eutordensis

75 2891 320 2972 recognoscimus
339 2895 371 2954 et
391 2890 431 2953 ad
453 2890 601 2952 noticiam
615 2893 678 2952 tam
689 2890 882 2972 presentium
896 2909 991 2971 quiam
1001 2892 1182 2953 hunnorum
1199 2892 1364 2973 pervenire

75 2981 218 3062 rupimus
242 2980 327 3062 qnod
350 2980 541 3044 uenerabilis
563 2979 720 3056 dominns,
741 2979 839 3042 abbas
859 2979 1073 3043 Theodericus
1094 2979 1271 3056 Fanensis,
1292 3001 1366 3044 oum

75 3068 170 3132 uillam
192 3069 386 3152 Rugehnsen
408 3089 465 3133 sue
486 3075 701 3152 comparasset
721 3069 870 3146 ecclesie,
891 3078 933 3132 XI
953 3071 987 3132 in
1008 3069 1119 3132 eadem
1141 3069 1217 3132 uilla
1237 3089 1366 3134 mansos

75 3157 234 3224 decimales
259 3159 395 3237 invenit,
432 3179 450 3222 a
477 3179 540 3241 quia
567 3159 752 3222 decimant
778 3178 868 3222 snam
896 3160 1052 3222 eximeret
1079 3159 1259 3239 ecclesiam,
1292 3180 1366 3224 eum

74 3247 197 3328 plebano
225 3251 326 3332 ipsius
346 3250 421 3313 ville
443 3251 571 3313 nomine
594 3249 782 3312 Ehhehardo
805 3250 954 3312 convenit
975 3247 1205 3312 rationabiliter
1225 3251 1258 3311 in
1280 3250 1366 3314 hunc

74 3337 210 3416 modum,
239 3338 388 3402 videlicet
423 3339 509 3420 quod
539 3338 687 3402 dominus
714 3338 811 3402 abbas
837 3339 876 3401 de
904 3339 1152 3420 suprascriptis
1181 3349 1222 3402 XI
1249 3341 1367 3404 mansis

74 3426 197 3491 ecclesie
225 3429 257 3490 in
280 3427 474 3510 Rugehusen
504 3447 604 3491 unum
631 3447 777 3492 mansum
805 3430 1041 3512 appropriatum
1065 3429 1209 3492 absolute
1238 3430 1366 3508 dimisit,

77 3523 147 3579 ww
168 3518 299 3599 insuper
318 3517 429 3600 iugera
451 3516 539 3594 silue,
562 3537 624 3600 que
647 3517 754 3580 villani
777 3518 910 3581 eandem
933 3517 972 3580 ab
992 3517 1121 3581 australi
1147 3519 1368 3602 partecontin-

75 3605 123 3681 uit,
144 3607 320 3689 pomerium
349 3627 367 3669 a
395 3609 551 3690 superiori
579 3613 666 3690 parte
696 3606 782 3685 ville,
809 3613 894 3671 ortos
919 3607 1059 3686 humuli,
1095 3609 1148 3689 qni
1178 3607 1211 3670 in
1240 3628 1368 3690 presen-

75 3695 179 3760 tiarum
200 3696 244 3760 ibi
266 3701 356 3775 sunt,
377 3717 450 3760 cum
473 3717 546 3761 area
568 3717 632 3760 una
655 3702 760 3779 preter
781 3697 863 3760 dotis
884 3717 1004 3776 arcani,
1027 3717 1089 3778 que
1112 3697 1218 3760 omnia
1241 3698 1282 3760 ad
1303 3697 1369 3782 ple-

76 3781 181 3849 banum
206 3791 238 3850 et
259 3787 297 3850 ad
321 3787 427 3850 dotem
449 3788 584 3850 ecclesie
606 3787 674 3850 uice
696 3787 797 3868 ipsius
818 3786 940 3850 decime
965 3793 1116 3870 perpetuo
1139 3786 1368 3870 pertinentium,

75 3891 161 3956 super
179 3875 296 3957 quibus
317 3875 383 3958 ipse
405 3876 561 3958 plebanus
581 3876 638 3938 Ek.
662 3875 823 3958 predictus
843 3877 875 3938 in
900 3875 996 3939 uerbo
1019 3877 1161 3939 ueritatis
1178 3881 1369 3958 protestatus

75 3969 115 4024 cst
134 3984 239 4028 coram
260 3964 353 4028 nobis
374 3984 412 4028 ea
434 3966 584 4048 plebano,
607 3967 661 4047 qui
684 3985 739 4048 pro
762 3971 903 4048 tempore
925 3966 1034 4042 inerit,
1060 3966 1160 4050 pluris
1182 3985 1251 4029 esse
1273 3985 1370 4048 quam

75 4049 220 4116 decimam
249 4073 307 4117 nec
334 4055 534 4138 parrochiam
559 4056 593 4117 in
619 4055 726 4136 aliquo
755 4075 811 4138 per
832 4056 1078 4120 abstractionem
1100 4055 1221 4119 decime
1244 4056 1370 4122 defrau-

74 4139 178 4205 datam.
221 4143 286 4208 Nos
305 4139 404 4226 issitur
426 4144 593 4208 utilitatem
616 4144 794 4225 utrobique.
817 4152 880 4208 tam
894 4146 1057 4210 Portensis
1078 4146 1369 4226 monasteriiquam

76 4232 198 4298 ecclesie
226 4235 258 4296 in
288 4234 498 4316 ltugehnsen,
526 4235 735 4299 adtendentes
762 4237 801 4298 ad
829 4237 1074 4320 exprimendum
1101 4237 1175 4299 huic
1196 4241 1370 4298 commuta·

76 4319 144 4384 tioni
172 4325 334 4387 nostrumb
370 4343 562 4387 consensum
598 4324 771 4389 liberaliter
803 4326 989 4399 accessisse,
1020 4331 1199 4408 presentem
1232 4325 1370 4388 litteram

76 4407 169 4489 sigillo
191 4419 297 4476 nostro
320 4415 511 4476 communiri
533 4414 667 4477 lecimus
688 4415 918 4497 inperpetuum
931 4416 1042 4497 patrati
1059 4416 1163 4497 operis
1177 4415 1370 4477 firmitatem·

75 4495 187 4564 lluiuse
217 4508 313 4566 testes
341 4507 416 4565 sunt
440 4502 639 4566 venerabiles
660 4503 852 4584 presbyteri,
880 4503 1039 4568 lohannes
1060 4502 1316 4586 archipresbyter
1338 4505 1370 4566 in

77 4581 234 4672 llur'stete,
260 4591 334 4656 Otto
367 4593 522 4677 plebanus
553 4594 584 4656 in
606 4592 758 4672 Trahere,
784 4594 945 4658 Henricus
971 4595 1004 4656 in
1021 4593 1196 4677 ‚Superiori
1226 4592 1371 4673 Trahere,
