3442 5148
305 377 337 432 12
671 377 903 434 Urlrundenbueh
921 378 969 434 dee
988 377 1114 434 Klostere
1133 376 1235 436 Prone.

303 529 393 608 silva,
415 531 498 596 sicut
516 551 535 594 a
554 531 652 595 fratre
673 537 781 595 nostro
793 521 895 594 Otene
907 529 1166 612 Nuemburgensi
1188 529 1335 612 episcopo
1356 527 1607 590 certisterminis

303 620 393 684 vobis
414 627 463 684 est
487 622 659 702 designata,
681 621 846 704 grangiam
861 617 1422 701 inLolwizeoumsuisappendiciis,
1443 617 1607 698 grangiam

303 709 452 774 inOnsne
474 730 547 774 curm
570 711 767 795 appendiciis
789 711 864 789 suis,
886 711 1092 793 piscationem
1113 711 1147 771 in
1163 706 1607 788 fluvioSalqiniraterminos

302 807 439 876 vestros,
465 801 499 862 in
530 801 634 864 Vinne
662 820 788 878 namna,
822 801 908 882 quod
933 801 1049 864 dicitur
1070 799 1292 882 uuegenege,1
1324 816 1399 860 cum
1427 797 1493 859 suis
1520 796 1598 859 adia·

302 889 448 952 centibus
474 888 576 967 silvis,
597 911 616 952 a
636 897 744 954 monte
764 889 927 968 videlicet,
948 890 1004 971 qui
1023 889 1160 953 Hisbero
1180 888 1312 964 dicitur,
1333 887 1497 968 usquead
1519 886 1607 948 habi-

231 1049 233 1054 ,
303 979 454 1042 tationem
477 981 621 1058 fratrum,
643 981 725 1044 sicut
745 1001 763 1042 a
785 980 952 1043 karissimo
972 979 1040 1042 lilio
1063 985 1170 1042 nostro
1193 975 1339 1041 Conrado
1360 977 1475 1040 illustri
1492 975 1607 1039 Roma-

302 1089 416 1131 normn
446 1080 528 1150 rege·
547 1069 638 1132 vobis
665 1088 853 1133 concessum
879 1073 927 1132 est
954 1075 985 1132 et
1013 1070 1128 1151 scripto
1155 1087 1213 1130 suo
1241 1068 1421 1144 firmatum,
1442 1066 1607 1148 grangiam

303 1157 467 1242 Wicouge,
488 1161 654 1242 grangiam
674 1161 706 1221 in
721 1159 928 1242 Wisgeraba2
950 1178 1023 1222 cum
1045 1157 1228 1221 molendino
1251 1162 1282 1220 et
1299 1157 1608 1234 adiacentinemore,

301 1247 335 1308 in
350 1247 608 1330 Noemburgensi
630 1250 757 1312 civitate
779 1249 899 1312 curiam
922 1254 953 1311 et
973 1251 1073 1311 VHtem
1095 1247 1172 1310 alias
1195 1248 1305 1310 domos
1327 1266 1399 1308 cum
1422 1247 1490 1329 ipso
1505 1246 1606 1309 tundo

302 1342 334 1399 et
364 1338 478 1400 ceteris
509 1339 575 1401 suis
606 1338 811 1422 appendiciis.
863 1337 1103 1402 Oomcambium
1135 1356 1224 1416 vero,
1257 1335 1342 1418 quod
1373 1337 1457 1398 inter
1488 1341 1558 1398 ros
1576 1341 1608 1398 et

302 1427 492 1490 Rainalrlum
522 1428 668 1492 abbatem
703 1429 805 1492 sancti
833 1428 961 1510 Georgii
988 1427 1175 1491 Nuemburo
1205 1426 1245 1489 de
1276 1431 1360 1488 terra
1392 1429 1512 1501 vestra,
1543 1443 1606 1506 que

302 1518 405 1582 eidem
435 1517 562 1600 abbatie
588 1520 724 1596 adiacet,
751 1525 783 1583 et
803 1518 865 1580 alia
885 1519 1016 1602 grangia
1038 1538 1094 1601 per
1115 1516 1273 1600 prefatum
1293 1515 1477 1598 episcopum
1501 1520 1607 1578 vestro

301 1627 433 1671 assensn
461 1609 692 1672 rationabiliter
716 1608 836 1671 iactum
865 1613 927 1686 est,
956 1613 1061 1670 ratum
1081 1611 1114 1670 et
1133 1604 1358 1668 inconvulsum
1381 1622 1510 1667 manere
1532 1624 1607 1667 oen-

301 1699 434 1762 semus,3
474 1697 555 1762 Sane
578 1699 721 1762 laborum
747 1709 938 1774 vestrorum,
966 1716 1047 1778 quos
1072 1697 1208 1779 propriis
1226 1693 1375 1757 manibus
1396 1699 1452 1756 aut
1473 1694 1607 1776 sumpti-

301 1787 361 1850 bus
390 1787 507 1866 colitis‚
534 1790 601 1852 sive
628 1789 666 1853 de
694 1788 897 1851 nutrimentis
930 1791 1108 1850 vestrorum
1137 1785 1323 1848 animalium
1344 1783 1454 1848 nullus
1476 1785 1607 1848 omnino

300 1877 435 1940 clericus
468 1877 517 1940 rel
549 1877 650 1940 laicus
681 1877 820 1959 decimas
852 1897 870 1939 a
902 1876 992 1940 robis
1022 1878 1151 1958 exigere
1178 1881 1348 1960 presumat,
1394 1873 1607 1937 Decernimus

302 1986 386 2050 ergo,
408 1973 443 2030 ut
466 1967 545 2030 nulli
568 1968 715 2050 episcopo
737 1987 797 2030 nec
819 1967 914 2030 alicui
932 1967 1061 2030 omnino
1075 1967 1240 2028 hominum
1255 1965 1350 2027 liceat
1365 1969 1476 2026 contra
1485 1963 1609 2027 ordinis

195 2057 199 2063 “
301 2059 399 2136 rostri
431 2058 576 2136 instituta
605 2058 680 2119 novi
712 2055 832 2138 aliquid
865 2055 955 2119 vobis
986 2056 1139 2118 inducere
1171 2059 1226 2117 aut
1257 2054 1327 2116 loca
1352 2059 1458 2116 vestra
1487 2058 1608 2116 temere

300 2146 486 2229 perturbare
517 2149 583 2210 sive
616 2148 832 2228 possessiones
862 2151 985 2210 vestras
1013 2141 1154 2224 auferre,
1186 2145 1340 2222 retinere,
1371 2143 1516 2206 minuere
1548 2161 1607 2205 sen

302 2237 498 2315 quibuslibet
523 2236 676 2300 molestiis
705 2237 854 2320 fatigare,
884 2237 940 2300 sed
964 2237 1072 2299 omnia
1091 2237 1215 2317 integra
1236 2237 1467 2297 conserventur
1487 2251 1609 2309 eorum,

300 2346 357 2408 pro
381 2345 516 2406 quorum
538 2327 768 2409 gubernatione
789 2333 821 2389 et
842 2327 1070 2390 sustentatione
1096 2343 1247 2388 concessa
1268 2327 1354 2400 sunt,
1372 2322 1484 2386 usibus
1505 2323 1610 2386 omni-

301 2416 403 2478 modis
417 2416 591 2498 profutura.
617 2416 721 2497 Siqua
731 2417 869 2499 igiturin
880 2417 1024 2479 futurum
1036 2414 1252 2496 ecclesiastica
1262 2411 1454 2476 secularisve
1471 2431 1610 2495 persona

300 2505 381 2568 hanc
410 2513 519 2587 nostre
545 2507 780 2569 constitutionis
806 2509 957 2589 paginam
983 2507 1087 2568 sciens
1115 2510 1226 2568 contra
1252 2522 1324 2566 eam
1350 2508 1469 2566 temere
1495 2503 1609 2566 venire

301 2596 516 2677 temptaverit,
547 2597 688 2659 secundo
716 2596 848 2659 tertiove
868 2597 1074 2671 commonita,
1093 2595 1119 2657 si
1140 2613 1204 2657 non
1227 2592 1442 2656 satisfactione
1463 2611 1610 2673 congrua

300 2685 532 2758 emendaverit,
565 2687 728 2768 potestatis
760 2686 953 2766 honorisque
983 2685 1033 2747 sui
1065 2684 1217 2766 dignitate
1249 2687 1356 2746 careat
1387 2701 1539 2764 reamque
1571 2701 1608 2744 se

300 2773 407 2835 divino
434 2774 553 2836 iudicio
577 2775 714 2837 existere
743 2774 781 2837 de
809 2779 988 2858 perpetrata
1013 2774 1181 2854 iniquitate
1207 2776 1379 2854 cognoscat
1402 2776 1435 2834 et
1462 2790 1610 2834 esacra-

299 2863 420 2926 tissimo
447 2883 579 2946 corpore
606 2884 643 2926 ac
669 2865 824 2946 sanguino
853 2862 903 2925 dei
932 2867 964 2924 et
983 2861 1116 2940 domini,
1143 2861 1353 2946 redemptoris
1378 2861 1479 2922 nostri
1503 2859 1610 2924 Jhesu

299 2951 424 3032 Christi,
446 2953 550 3017 aliena
567 2954 626 3017 fiat
638 2959 734 3035 atquo
756 2953 789 3016 in
810 2956 953 3016 extremo
976 2952 1123 3014 examine
1140 2951 1281 3015 districte
1301 2951 1415 3014 ultioni
1434 2949 1610 3014 subiaceat.

300 3042 430 3105 Cunctis
451 3048 557 3106 alitem
580 3044 684 3107 eidem
706 3045 774 3107 loco
796 3044 880 3106 iusta
901 3040 1102 3104 servantibus
1120 3041 1161 3104 sit
1181 3061 1244 3123 pax
1258 3040 1379 3104 domini
1392 3039 1611 3104 nosur'Jhesu

300 3130 424 3210 chrisa
447 3133 597 3214 quatinus
616 3141 648 3196 et
667 3134 718 3196 hio
738 3135 879 3195 fructum
900 3131 985 3211 bone
1006 3131 1139 3193 actionis
1159 3131 1336 3214 percipiant
1356 3136 1388 3194 et
1402 3131 1487 3213 apud
1501 3129 1612 3192 distri-

299 3227 384 3283 ctam
407 3222 547 3286 iudicem
568 3224 689 3305 premia
710 3228 821 3304 eterne
841 3219 928 3305 pacis
948 3219 1122 3282 inveniant
1159 3221 1272 3285 Amen.
1305 3221 1418 3283 Amen.
1450 3221 1564 3282 Amen.

299 3328 313 3404 (
321 3325 355 3390 0.
369 3325 421 3406 Ρ.)
441 3330 510 3413 Ego
531 3331 739 3394 Innocentius
760 3330 917 3409 catholice
936 3330 1072 3410 ecclesie
1093 3331 1260 3415 episcopus
1283 3351 1323 3395 ss.
1356 3328 1438 3406 (M.)

379 3420 402 3494 †
423 3419 491 3500 Ego
513 3420 683 3484 Albericus
701 3419 881 3483 Hostiensis
902 3419 1070 3501 episcopus
1091 3440 1131 3482 ss.

379 3509 402 3586 †
424 3508 491 3591 ligo
513 3509 691 3592 Stephanus
713 3509 921 3572 Prenestinns
942 3510 1110 3592 episcopus
1131 3531 1171 3574 ss.

298 3612 400 3676 Lialts
419 3613 476 3695 fiir
498 3615 556 3677 dea
578 3615 776 3679 Bocchorum:

378 3717 402 3793 †
423 3715 491 3798 Ego
514 3715 617 3780 Guido
639 3723 746 3781 sancte
768 3717 910 3781 Romane
932 3715 1065 3780 ecclesie
1085 3716 1237 3800 indignus
1258 3718 1407 3782 sacerdos
1429 3738 1468 3780 ss.

301 3811 400 3876 durch
420 3815 495 3877 awa
516 3813 593 3877 lacre
613 3813 718 3878 Zeileu
737 3817 896 3896 petrensi:

378 3914 402 3990 †
425 3914 492 3997 Ego
514 3914 684 3978 Rainerius
705 3916 862 3998 presbiter
882 3916 1053 3979 cardinalis
1074 3916 1157 3979 tituli
1182 3921 1289 3980 sancte
1311 3916 1420 3980 Prisce
1442 3937 1481 3980 ss,

379 4003 402 4079 †
424 4003 492 4086 Ego
515 4003 656 4068 Stantius
678 4005 833 4088 presbiter
852 4005 1022 4070 cardinalis
1044 4005 1126 4068 tituli
1148 4012 1255 4069 saneta
1278 4006 1398 4087 Saninq
1418 4028 1458 4070 ss.

377 4093 490 4176 †Ego
514 4094 610 4158 Goino
632 4095 788 4178 presbiter
806 4094 976 4158 cardinalis
998 4094 1081 4156 tituli
1103 4101 1210 4158 sancte
1233 4095 1349 4160 (lecilie
1372 4115 1411 4159 ss

377 4185 401 4261 †
423 4183 490 4266 Ego
513 4184 649 4248 Thomas
670 4185 827 4268 presbiter
847 4184 1018 4248 cardinalis
1041 4185 1123 4246 tituli
1145 4185 1278 4248 Uestina
1300 4206 1339 4248 ss.

379 4273 402 4350 i
425 4273 491 4356 Ego
514 4272 683 4338 Hrbaldus
704 4274 859 4358 presbiter·
880 4273 1049 4336 cardinalis
1071 4274 1155 4337 tituli
1176 4282 1284 4339 sancte
1306 4275 1462 4339 Praxedis
1483 4296 1523 4338 ss.

299 4366 426 4432 Rechts:

378 4471 401 4548 †
423 4471 491 4554 Ego
514 4473 686 4554 Gregorius
712 4472 865 4534 diaconus
886 4470 1057 4534 cardinalis
1079 4479 1261 4537 sanctorum
1286 4474 1386 4557 Sergii
1403 4480 1435 4537 et
1451 4473 1550 4538 Bachi
1564 4495 1613 4538 ss.

379 4562 402 4640 †
423 4561 490 4644 Ego
507 4561 580 4625 Otto
602 4562 755 4625 diaeonus
777 4560 947 4624 cardinalis
969 4563 1070 4625 sancti
1082 4563 1209 4647 Georgii
1232 4565 1272 4627 ad
1290 4565 1396 4629 velum
1414 4581 1548 4628 aureum
1564 4585 1614 4630 ss,
