3402 5152
323 406 374 460 366
693 406 924 463 Urlrundenhuch
941 407 990 462 deo
1008 408 1134 463 cheters
1152 406 1266 462 Psorte.'

323 557 388 620 didi
418 559 650 641 imperpetuum
677 559 754 622 mihi
782 560 862 623 nihil
890 561 970 623 iuris
999 559 1188 624 reservando
1210 559 1242 620 in
1265 558 1393 621 eisdem.
1437 557 1484 620 Ad
1508 575 1608 618 varan·

323 647 406 710 diem
429 649 577 730 qnoquel’
600 649 777 712 secundum
799 657 880 712 terre
901 649 1165 712 consuetudinem
1188 648 1341 711 hactenus
1360 647 1552 710 observatum
1568 665 1608 708 me

324 737 427 820 obligo
455 755 510 820 per
530 743 700 821 presentes
744 739 787 802 Ut
812 741 911 824 igitur
931 740 1140 803 inconvulsus
1161 746 1192 802 et
1212 738 1405 802 inviolabilis
1425 736 1608 802 huiusmodi

323 834 414 892 tenor
435 829 507 891 lecti
529 847 585 912 per
605 829 713 892 omnia
733 837 918 914 perseveret,
939 836 1116 914 presentem
1126 831 1260 893 litteram
1273 828 1408 912 desuper
1419 830 1608 910 conscriptam

322 937 393 982 meo
415 917 518 1000 sigillo
540 939 615 982 cum
635 919 717 982 infra
739 922 863 1004 scriptis
884 920 1018 985 testibus
1039 919 1118 983 duxi
1139 921 1254 1004 pariter
1271 919 1492 983 roborandam.
1522 917 1611 982 Testes

323 1014 399 1074 sunt
428 1008 579 1073 Albertus
604 1015 635 1072 et
660 1009 833 1074 Heinricus
860 1010 898 1074 de
919 1009 1006 1075 Rode
1034 1011 1159 1090 fratres,
1189 1011 1362 1077 Heinricus
1391 1011 1429 1074 de
1455 1007 1612 1092 hluchelde.

326 1099 436 1164 Petrus
459 1100 497 1164 dc
518 1099 647 1180 Niscite
668 1101 740 1165 Otto
762 1100 981 1181 debachare,
1002 1101 1208 1165 Hermannus
1229 1101 1418 1180 deScuditz‚
1439 1099 1613 1163 Wirnherus

325 1190 535 1255 Ourtebruntc
566 1191 727 1256 castellani
759 1193 814 1256 in‘¹
843 1190 1156 1272 Rotilleybisberch⁰‚
1189 1191 1357 1255 Gelfradns
1393 1192 1560 1254 advocatus
1587 1191 1612 1249 ln

323 1281 590 1364 thhardisherg¹
616 1290 648 1346 et
673 1301 769 1366 quem
798 1282 905 1367 plures
928 1283 981 1345 alii
1007 1281 1069 1346 lide
1098 1282 1192 1363 digni.
1234 1284 1315 1346 Acta
1344 1288 1420 1346 sunt
1447 1283 1524 1345 hec⁸
1543 1299 1613 1343 enno

323 1372 441 1436 domini
464 1379 603 1438 ll⁰ccc⁰
623 1374 727 1452 tercio,
747 1373 781 1435 in
804 1373 854 1436 die
876 1375 976 1436 sencti
998 1371 1125 1438 Andree
1145 1371 1286 1456 apostoli.

392 1496 405 1523 ⁸
422 1513 454 1552 ec
474 1498 504 1552 D
574 1487 736 1568 ‘'quaml'
803 1497 1240 1576 ⁰Hermennus--Ourtebrunt
1256 1463 1372 1566 saltn
1442 1489 1500 1550 diu
1520 1493 1617 1562 sebltl

323 1577 575 1650 ‘Ruteleibieberg
593 1577 622 1633 D
692 1569 869 1634 fGeliradus
883 1578 1148 1650 -Eolihordisberg
1165 1580 1232 1647 fehlt
1250 1577 1280 1632 D
1350 1577 1479 1632 tdatum
1499 1577 1529 1631 D

849 1723 1099 1732 -—-·-—-—·.---—--

324 1771 439 1853 1303.
465 1769 706 1853 November
718 1771 786 1854 30.
1378 1821 1382 1832 ·
1534 1771 1617 1854 380.

403 1907 521 1972 Echart
552 1907 655 1971 Ritter
676 1928 735 1971 oon
757 1907 855 1973 Salac
881 1911 1028 1989 vmknoft
1057 1911 1125 1972 dem
1155 1908 1281 1975 Kloster
1303 1909 1413 1990 Pfcrtc
1437 1913 1532 1972 anter
1556 1907 1619 1970 Vor-

362 1995 463 2063 berall
487 1999 540 2062 des
565 1997 755 2078 Rdcloloocss
779 2001 837 2077 fiir
865 2001 1032 2064 bestimmte
1057 1999 1127 2064 Zeit
1155 2003 1247 2065 einen
1274 1999 1438 2078 Wcinherp
1463 1999 1509 2064 bei
1533 1997 1619 2063 sala

362 2088 448 2152 nebel
468 2089 715 2169 anqrmrendem
735 2088 847 2154 Waldc
863 2092 920 2170 fiir
941 2095 984 2154 10
1004 2091 1112 2168 Mart,
1140 2095 1176 2174 ¹b
1199 2090 1290 2172 Huse
1308 2081 1371 2172 fiir¹
1397 2094 1420 2154 2
1442 2087 1542 2153 Morlr
1561 2085 1619 2150 arad

363 2180 414 2244 die
432 2179 535 2260 Voclci
554 2179 630 2244 ther
651 2183 687 2261 ¹l2
711 2180 800 2262 Herse
820 2181 876 2262 fiir
901 2186 920 2244 1
942 2181 1051 2246 Marii.

473 2305 609 2362 Harena:
634 2299 744 2362 raeci.
774 2300 867 2364 unct
888 2297 1118 2376 (arcemone).
1682 2369 1683 2404 p

472 2399 584 2454 Druck:
602 2399 736 2455 Deutoch:
758 2399 844 2470 Wolff
857 2401 899 2468 Π,
917 2405 978 2456 292.

404 2508 687 2598 EgoEckehardus
708 2517 799 2580 miles
822 2517 925 2580 dictus
945 2517 1091 2597 deSulce
1112 2523 1220 2580 tenore
1235 2516 1431 2598 presentium
1442 2533 1623 2598 recognosco

323 2604 450 2688 publice
470 2611 502 2668 et
521 2605 561 2668 ad
582 2607 731 2669 noticiam
754 2608 898 2671 omnium
921 2612 985 2670 tam
1006 2607 1201 2689 presentium
1224 2625 1320 2688 quam
1342 2606 1524 2670 futurorum
1536 2605 1619 2688 cupio

325 2696 486 2776 devenire,
524 2696 608 2779 quod
647 2699 772 2760 vineam
804 2699 955 2761 maiorem
986 2703 1097 2760 contre
1126 2698 1285 2760 civitatem
1321 2696 1415 2760 sitem
1446 2717 1518 2760 cum
1551 2697 1622 2758 silva

324 2786 496 2866 adiacente,
519 2786 558 2850 ad
580 2786 663 2850 bona
684 2787 815 2868 domine
834 2787 993 2869 abbatisse
1010 2787 1048 2850 de
1060 2785 1390 2870 Quitelengenburclr⁸
1411 2789 1621 2870 pertinentem,
1681 2815 1682 2822 κ

324 2897 397 2940 cum
423 2878 586 2940 voluntate
612 2878 756 2940 omnium
787 2877 938 2940 heredum
964 2895 1108 2940 meorum
1139 2874 1267 2940 vendidi
1299 2876 1428 2940 domino
1460 2876 1564 2940 abbati
1591 2893 1623 2936 ec

324 2969 496 3030 conventui
526 2967 565 3030 de
595 2966 688 3030 Porta
722 2967 810 3030 omni
842 2966 953 3030 fraude
987 2969 1157 3051 postposite
1190 2986 1245 3051 pro
1279 2966 1387 3032 decem
1418 2969 1532 3032 mercis
1558 2965 1623 3027 Vri-

326 3057 511 3140 burgensisb
539 3057 668 3140 argenti.
716 3057 864 3139 Preterea
896 3057 1063 3120 dimidium
1095 3077 1260 3140 mansum,
1291 3057 1347 3141 qui
1374 3058 1535 3141 quondam
1565 3065 1625 3118 emt

324 3147 504 3210 Theoderici
533 3147 606 3210 dicti
633 3147 818 3228 Alderman‚
846 3147 977 3212 vendidi
1005 3168 1061 3231 pro
1090 3148 1215 3211 duabus
1242 3149 1366 3212 mercis,
1415 3147 1549 3232 Insuper
1580 3147 1624 3206 ins

325 3239 489 3319 advocatie
517 3238 644 3302 solvens
673 3246 736 3302 tres
767 3238 890 3302 lotones
919 3238 958 3303 de
989 3239 1118 3302 dimidio
1151 3257 1275 3316 manso,
1307 3257 1403 3322 quem
1434 3239 1497 3302 iem
1528 3237 1626 3300 dictus

324 3329 534 3392 Theodericus
552 3329 658 3392 adhuc
680 3330 826 3413 possidet,
847 3330 906 3392 rite
927 3335 958 3392 et
978 3328 1207 3392 rationabiliter
1222 3328 1350 3392 vendidi
1368 3348 1426 3411 pro
1445 3345 1624 3391 unamarra.

325 3419 376 3482 Ad
404 3419 615 3501 predictorum
645 3439 720 3484 vero
747 3422 891 3483 omnium
919 3419 1112 3484 warandiam
1143 3419 1320 3482 secundum
1353 3427 1437 3498 terre
1469 3419 1625 3499 antiquam

326 3511 589 3574 consuetudinem
612 3529 662 3574 me
684 3510 788 3594 obligo
809 3511 928 3574 litteras
949 3529 1006 3592 per
1024 3515 1195 3592 presentes,
1216 3507 1275 3572 hac
1296 3517 1402 3574 umen
1423 3509 1519 3572 michi
1531 3505 1627 3589 gratia
1680 3505 1681 3510 ’

326 3599 457 3679 indulte,
484 3607 527 3680 ut,
557 3602 583 3664 si
604 3601 743 3685 predicta
764 3603 879 3680 omnia,
900 3600 1047 3664 videlicet
1067 3601 1191 3663 vineam
1214 3619 1288 3662 cum
1311 3597 1391 3663 silva
1414 3606 1446 3662 et
1466 3595 1626 3662 dimidium
1680 3653 1681 3672 ¹

326 3709 474 3752 mansum
496 3709 532 3753 ao
553 3698 617 3754 tres
637 3690 759 3754 lotones
779 3691 859 3754 iuris
881 3691 1046 3771 advocatie
1061 3690 1099 3752 de
1118 3689 1240 3772 reliquo
1259 3689 1390 3752 dimidio
1411 3707 1528 3776 manso,
1546 3684 1626 3748 infra

325 3779 439 3842 festum
469 3783 568 3843 sancti
596 3781 756 3845 Michaelis
783 3783 927 3864 proxime
953 3801 1041 3844 nunc
1068 3782 1195 3844 venturi
1222 3781 1249 3844 si
1277 3797 1417 3844 reemere
1443 3799 1498 3862 pro
1522 3775 1625 3839 eodem

327 3871 448 3954 precio⁰
469 3871 574 3951 velim,
594 3871 716 3934 habebo
737 3870 868 3934 liberam
889 3869 1098 3934 facultatemt.
1141 3869 1261 3934 Verum
1289 3870 1315 3933 si
1345 3869 1428 3932 infra
1458 3865 1626 3951 predictum

326 3962 498 4024 terminum
535 3981 599 4024 non
638 3981 793 4041 reemero,
830 3967 948 4024 extunc
984 3979 1059 4043 sepe
1093 3960 1176 4023 dicta
1205 3959 1289 4022 bone
1319 3979 1394 4023 oum
1422 3959 1509 4021 omni
1536 3957 1628 4018 iure‘.

327 4051 466 4114 dominio
493 4071 529 4114 ac
562 4053 694 4115 utilitate
721 4052 759 4114 ad
790 4051 975 4114 Portensem
1008 4051 1170 4114 ecclesiam
1203 4050 1433 4114 transferentur
1464 4049 1564 4132 quiete
1593 4061 1628 4103 ac
1679 4063 1680 4112 t

327 4141 455 4224 pacifice
482 4149 632 4226 perpetuo
660 4142 856 4226 possidenda.
899 4141 949 4204 Ad
977 4143 1129 4204 maiorem
1155 4142 1299 4204 omnium
1327 4139 1540 4223 predictorum
1563 4133 1627 4196 evi·

328 4233 464 4294 dentiam
499 4238 530 4295 ct
564 4233 785 4296 certitudinem
820 4232 957 4315 presenti
999 4233 1113 4314 pagine
1145 4249 1252 4294 meum
1281 4229 1421 4313 sigillum
1449 4231 1525 4292 duxi
1552 4243 1626 4286 cum

327 4323 548 4405 astipulatione
569 4325 696 4386 testium
720 4323 952 4405 apponendum.
994 4321 1100 4386 Testes
1126 4327 1201 4384 sunt
1228 4319 1379 4384 Albertus
1405 4325 1436 4382 et
1463 4313 1628 4381 Heinrious

328 4413 366 4474 de
394 4411 481 4475 Rode
511 4413 639 4490 fratrae,
674 4413 848 4476 Heinricus
878 4411 916 4473 de
944 4410 1121 4491 Machelde‚
1152 4411 1266 4474 Petrus
1294 4409 1332 4474 de
1353 4408 1472 4482 Nisciz,
1502 4405 1566 4469 Otto
1590 4399 1630 4462 de

329 4500 495 4580 lechone,
527 4502 734 4566 Hermennus
766 4502 804 4564 de
835 4501 965 4580 Scudiz,
1002 4501 1180 4565 Fridericus
1210 4501 1249 4564 de
1276 4499 1434 4578 Tuchern,
1461 4497 1627 4560 wernerus

329 4591 546 4662 Curtevvruntf
571 4593 731 4656 castellani
759 4594 792 4655 in
824 4590 1110 4678 Rutleibisperlg]⁸‚
1142 4591 1260 4654 Gelfrat
1289 4590 1464 4654 advocatus
1490 4590 1519 4650 in
1546 4579 1628 4644 Eok·
1678 4661 1679 4668 ἵ
