3402 5152
608 381 658 440 Nr.
669 382 819 442 tta-ssu.
840 381 916 440 1313.
1363 375 1416 436 419

116 585 217 668 1313.
244 585 485 686 Augustis.
1320 578 1415 660 450.

186 719 358 796 Hermann
368 731 461 813 Gra(
468 750 527 793 voa
540 729 733 794 Orlamiiade
745 727 846 807 ciperet
855 727 924 789 clera
936 725 1064 789 Kloster
1074 727 1182 808 Psorte
1196 724 1247 788 die
1259 723 1416 788 Gericlrts·

150 823 268 886 barleto
287 823 323 885 irs
344 823 399 886 der
417 821 504 884 Flur
523 819 575 883 des
589 820 705 900 Dorfes
721 816 914 882 Tousclewits
934 817 1003 878 uad
1025 815 1200 882 20Aeclrer
1220 815 1267 879 bei
1277 815 1417 878 Hcchert·

149 914 225 994 dorf
239 933 290 990 aa,
312 913 419 976 eliense
428 913 479 975 die
492 929 552 975 oon
567 911 683 974 seluern
693 908 908 972 versantem
921 906 1188 986 Schwiepervutcr,
1209 907 1278 969 dem
1291 905 1417 985 &asca

151 1003 315 1067 Friedrich
343 1023 403 1066 eon
425 999 648 1076 Rubenswcld,
677 1000 746 1062 dea
767 997 895 1062 Kloster
919 997 1122 1077 aasumensi
1142 997 1357 1079 Besitaunqerr
1381 995 1416 1056 ira

149 1094 330 1158 Brennum.

254 1229 394 1284 ‘Hdsclrrc
424 1229 469 1283 Or.
487 1227 563 1296 Pare.
586 1226 666 1297 2811.
691 1227 777 1296 rocam
803 1228 913 1282 eerletat.
949 1225 1075 1281 Drasdea
1098 1227 1138 1282 Η.
1153 1228 1192 1283 St.
1210 1233 1243 1282 A.
1269 1229 1321 1285 Nr.
1338 1235 1415 1292 1995.

311 1309 430 1364 Hebraea
451 1309 476 1361 Τ
486 1312 544 1360 191.
568 1337 599 1348 -
618 1307 700 1361 Nocls
718 1307 833 1361 nudarer
848 1307 958 1376 Vorlnpe
976 1307 1006 1360 D
1017 1311 1061 1362 65.
1085 1309 1173 1363 T238.

260 1411 383 1465 munke:
405 1410 515 1472 Bdlrma,
537 1409 714 1478 Todtlreilunp
731 1413 774 1466 83.
811 1408 946 1462 Deutscli:
970 1409 1055 1478 Wolff
1070 1410 1112 1475 II,
1131 1415 1191 1466 347.
1227 1413 1280 1484 Vqr.
1301 1417 1417 1476 Pertuch

308 1491 412 1558 tras.
448 1489 702 1544 serenissimae
721 1490 745 1556 Ι,
763 1494 806 1543 83.
844 1506 866 1546 u.
879 1489 1056 1544 Reitzmstein
1076 1483 1152 1546 128b.

190 1631 256 1695 Nos
271 1631 477 1694 Hermannus
498 1629 548 1696 dei
567 1629 673 1710 gracia
694 1647 800 1692 comes
821 1629 859 1693 de
871 1628 1067 1693 Orlamunde
1090 1636 1197 1696 tenore
1218 1641 1416 1718 presencium

110 1723 389 1804 recongnoseimus
409 1718 484 1800 (sic)
507 1717 631 1801 publice
651 1723 888 1802 protestantes,
910 1719 1015 1802 quodl
1036 1719 1075 1782 de
1098 1725 1241 1788 unanimi
1258 1747 1417 1793 consensu

109 1813 222 1876 dilecte
247 1816 353 1874 nostre
374 1807 566 1872 conthoralis
588 1806 787 1872 Mechthildis
815 1827 852 1871 ac
879 1811 1024 1872 omnium
1046 1817 1227 1878 nostrorum
1247 1817 1417 1882 heredumc

108 1905 223 1968 damus
249 1909 280 1965 et
308 1900 548 1984 appropriamus
574 1898 717 1980 religosis
738 1897 813 1978 (stc)
842 1900 917 1962 viris
946 1900 1074 1963 domino
1095 1901 1224 1967 Alberto
1255 1906 1360 1972 abbati
1386 1917 1417 1974 et

109 1995 282 2058 conventui
308 1993 509 2055 dominorum
536 1991 570 2052 in
592 1988 705 2052 Porta‘1
733 2008 861 2052 omnem
887 1989 1123 2056 iurisdicionem
1146 1995 1179 2056 in
1201 1999 1321 2080 sarapis
1344 2001 1417 2064 ville

106 2085 254 2148 Thvsuiz
276 2082 460 2146 cumomni
481 2081 550 2143 iure
571 2084 602 2142 et
625 2079 772 2158 utilitate,
801 2091 883 2162 quoe
909 2099 968 2143 nos
994 2101 1030 2144 ao
1056 2086 1156 2147 nostri
1184 2087 1420 2168 predecessores
1530 2127 1531 2130 =

107 2176 228 2238 ibidem
250 2175 281 2236 in
304 2177 397 2236 antea
419 2172 613 2234 tenuerunt‘.
655 2168 800 2233 Damus⁸
811 2177 843 2232 et
855 2171 1095 2253 appropriamus
1111 2173 1230 2238 eisdem
1244 2174 1316 2240 XX‘¹
1326 2201 1419 2262 agros

106 2269 188 2330 sitos
218 2267 300 2326 circa
330 2263 452 2326 curiam
482 2259 687 2324 Hechendorf
712 2263 803 2322 iuxta
830 2259 970 2335 salicem,
1002 2279 1064 2343 que
1092 2263 1264 2346 vulgariter
1289 2279 1420 2338 vocatur

109 2354 283 2436 maluyde,
314 2353 473 2415 solventes
507 2350 642 2433 singulis
673 2351 766 2414 anuis
797 2354 866 2412 octo
896 2349 1012 2413 solidos
1043 2351 1246 2420 denariorum
1269 2357 1420 2440 Wyensis

106 2451 246 2510 monete.
286 2442 485 2506 Includimus
512 2447 543 2504 et
570 2441 776 2523 adiungimus
801 2441 920 2522 prel'ale
946 2445 1052 2504 nostre
1078 2449 1326 2528 appropriacioni
1349 2455 1419 2518 uni-

106 2555 205 2598 versa
236 2534 318 2596 bona
347 2534 407 2596 sita
437 2533 470 2594 in
504 2532 577 2593 villa
604 2529 783 2594 Brantbach
815 2536 846 2592 et
872 2532 905 2592 in
935 2532 1073 2614 campis,
1106 2554 1168 2616 qne
1195 2545 1302 2604 noster
1332 2558 1420 2606 socer

105 2625 248 2688 dilectus
273 2642 379 2686 comes
407 2621 585 2684 Fridericus
607 2621 645 2684 de
666 2619 868 2684 Rabonswalt
898 2620 978 2683 bone
1000 2626 1150 2688 memorie
1176 2628 1293 2692 eisdem
1317 2633 1420 2696 fratri·

105 2717 173 2779 bus
190 2721 222 2778 et
243 2715 382 2777 dominis
404 2715 436 2774 in
460 2712 633 2775 remedium
655 2730 713 2774 sue
734 2713 840 2774 anime
858 2711 987 2775 donavit
1001 2715 1175 2778 secundum
1187 2721 1419 2788 continenciam

104 2808 288 2870 litterarum
318 2809 499 2868 nostrarum
525 2808 617 2865 antea
643 2802 796 2885 desuperl
824 2802 1047 2866 confecturum.
1088 2803 1194 2870 Testes
1220 2810 1318 2875 huius
1345 2824 1421 2878 sunt

102 2897 258 2961 strennui
290 2897 350 2956 viri
377 2893 529 2957 Albertus
555 2891 593 2956 de
620 2889 783 2956 Doinsteto
814 2893 905 2955 miles
937 2901 968 2956 et
995 2893 1163 2958 Latholfus
1192 2899 1231 2962 da
1258 2903 1422 2987 Alerstete,

102 2988 263 3051 dominns
295 2986 446 3048 Albertus
476 2983 658 3066 capellanus
687 2985 719 3045 in
750 2991 852 3046 castro
874 2983 1007 3064 Wynrar
1036 2993 1067 3048 et
1099 3007 1196 3069 quam
1227 2993 1335 3075 plures
1367 2997 1421 3061 alii

102 3078 174 3140 lide
202 3076 313 3158 dingni
340 3075 427 3152 (sic).
475 3075 593 3136 Actum
626 3078 657 3135 et
688 3073 810 3136 datum¹
839 3094 924 3137 anno
957 3075 1078 3137 domini
1110 3087 1354 3162 l1⁰t¹co⁰xffl⁰‚
1386 3087 1418 3149 in

100 3169 250 3231 crastino
273 3167 516 3249 Assumpcionis
544 3163 634 3228 beate
655 3165 788 3246 virginis
809 3163 915 3228 Maris.
958 3163 999 3227 Et
1024 3167 1057 3228 in
1086 3167 1182 3231 huius
1210 3172 1254 3234 rei
1281 3177 1420 3240 testimo-

98 3261 203 3321 nium
226 3263 405 3340 presentem
425 3257 561 3318 litteram
582 3256 774 3338 appensione
799 3257 899 3318 nostri
926 3275 963 3317 ac
989 3261 1095 3320 nostre
1114 3261 1304 3334 conthoralis
1326 3266 1422 3348 sigilli

97 3347 260 3410 dedimus
280 3345 413 3408 firmiter
434 3346 660 3408 conmunitam.
772 3343 773 3348 ’

183 3483 356 3538 Vosdieeen
378 3485 458 3539 Teate
475 3483 590 3538 weicheri
608 3484 683 3538 D65
700 3483 760 3538 urrd
781 3483 863 3539 T238
880 3486 912 3538 ia
928 3483 1071 3554 solpeaden
1089 3483 1216 3541 murrea
1233 3490 1282 3544 ab:

183 3573 326 3645 'publica
345 3568 529 3644 protestantes
553 3575 620 3642 fetu
724 3563 960 3644 ”Hierapcsupu
986 3592 1050 3629 cum
1074 3576 1101 3631 in
1129 3578 1242 3634 civitate
1266 3581 1423 3659 Nuenburg
1470 3603 1471 3608 ¹

89 3655 230 3728 obligati
247 3671 370 3710 essemus
388 3655 490 3710 debitis
509 3663 567 3710 xlx
587 3673 753 3723 marcarum,
772 3655 935 3710 venerabilis
952 3657 1083 3710 dominus
1101 3657 1188 3712 abbas
1208 3661 1247 3728 (T
1261 3665 1322 3732 sript
1340 3667 1422 3722 hingo

89 3739 258 3804 Albertns)
279 3735 420 3792 Portensis
448 3737 483 3792 ad
511 3742 635 3791 nostram
660 3737 778 3792 multam
805 3737 972 3792 instanciam
1000 3737 1035 3792 ab
1053 3739 1138 3794 huius
1157 3741 1231 3795 modi
1252 3743 1353 3799 debitis
1373 3765 1422 3804 noe

86 3818 225 3878 exemit.
262 3816 318 3872 Pro
335 3817 388 3872 hac
406 3817 493 3890 igitur
512 3817 702 3874 benivolencia
721 3815 775 3872 sibi
793 3823 821 3872 et
839 3835 888 3872 sue
906 3818 1019 3873 ecclesie
1036 3820 1257 3876 vicissitudinem
1274 3827 1423 3894 rependere

88 3901 237 3956 volentes
308 3898 541 3969 “Hiazupesrtph
561 3897 704 3966 Friderici,
718 3897 875 3954 Hermanni
894 3905 923 3954 et
941 3899 1054 3954 Ottonis
1132 3893 1144 3928 ¹¹
1163 3901 1236 3959 Stati
1253 3905 1377 3978 religosis
1389 3939 1422 3949 -

85 3983 215 4039 Porta:
233 3977 362 4034 Portensi
381 3979 550 4034 monasterio
638 3981 649 4008 ⁰
667 3995 722 4050 que
808 3969 1035 4051 ‘Hincupefrlptr
1053 3982 1179 4036 nolentes
1197 3984 1316 4056 aliquem
1337 3989 1423 4044 offici·

81 4065 201 4118 alium
227 4065 385 4115 nostrorum
414 4062 442 4115 in
469 4061 593 4130 predicta
611 4060 679 4116 villa
695 4060 838 4114 Thnswitz
856 4078 904 4114 seu
922 4060 951 4114 in
970 4061 1076 4131 campis
1094 4063 1159 4118 ville
1176 4066 1299 4136 aliquam
1321 4069 1423 4126 violen-

82 4144 181 4198 ciam
205 4157 254 4194 seu
274 4139 409 4196 iudicium
426 4140 485 4196 sive
501 4143 651 4213 sanguinis
670 4142 728 4196 sive
744 4143 944 4213 cuiuscumque
968 4142 1092 4197 criminis
1114 4145 1272 4216 aliqualiter
1289 4166 1422 4219 exercere,

78 4225 142 4280 sed
173 4219 316 4275 fratribus
335 4219 519 4276 Portensibus
536 4221 588 4276 hec
606 4222 702 4276 omnia
719 4222 911 4276 condonamus
982 4223 1097 4278 letiaun
1117 4227 1291 4298 hinrimasdpt
1347 4221 1422 4286 ''de-

77 4301 286 4377 supersedit
356 4293 489 4358 iDatum
508 4309 537 4358 et
554 4307 649 4358 actum

649 4496 900 4506 ...Μ
