3400 5148
321 387 374 451 180
699 389 930 452 Urkundenbuch
948 396 997 452 das
1015 396 1138 454 lllosters
1154 397 1255 454 Plorta.
1688 451 1689 506 ἰ

319 546 425 630 raet.
454 545 776 634 ceremonia
1537 549 1609 632 m.
1688 509 1689 548 ‘

396 700 596 766 Hildebracd
624 697 827 766 Derbentio
853 701 1050 783 Mesalum,
1083 703 1192 768 Alberl
1218 699 1361 766 Deducat
1386 703 1456 767 mad
1479 701 1611 766 Distridr

358 789 568 856 &dodoaldus
589 791 643 854 des
657 790 873 873 Murienslifts
893 792 927 855 ia
948 792 1078 873 Erfurt,
1105 790 1171 856 Otto
1193 789 1459 856 &masalman
1479 791 1612 858 Frilalm

357 880 426 943 aad
450 879 569 944 Ονίαήπ
591 879 801 945 &lebaldus
820 882 874 946 des
894 882 1085 964 Severistists
1107 883 1140 946 in
1157 881 1274 963 Erfurt
1293 881 1393 964 fdllen
1413 881 1462 946 als
1483 881 1611 948 Sclricds

357 967 470 1032 realiter
495 969 585 1034 ibren
611 967 733 1052 Spraclr
763 971 796 1034 ia
824 973 922 1036 ciuem
949 971 1059 1037 saara
1085 971 1235 1037 zwisalten
1263 971 1332 1035 den
1360 969 1486 1034 nester
1516 969 1613 1054 Psote

356 1057 426 1122 aad
456 1059 525 1123 dem
556 1057 675 1124 Plaboa
704 1081 764 1125 oon
799 1062 1084 1142 Wemiapsbauscn
1107 1061 1182 1126 iiber
1207 1059 1267 1125 das
1290 1059 1434 1125 Bellicus
1457 1060 1494 1126 in
1523 1059 1613 1128 Velm

356 1148 425 1212 aad
447 1148 498 1214 die
517 1149 636 1214 Kirclae
657 1149 691 1214 in
710 1149 928 1216 Hensclrlebea.

467 1283 599 1340 arear„-
619 1276 712 1341 neeb
729 1285 779 1349 (aa
789 1285 866 1355 Ver).

463 1389 576 1446 naar:
594 1390 732 1446 nouam·
755 1392 840 1461 Wolff
854 1391 900 1459 rr,
920 1393 959 1450 er.

394 1532 432 1594 In
466 1533 595 1596 nomine
631 1532 760 1596 domini.
806 1536 921 1598 Amen.
972 1535 1039 1598 Nos
1066 1534 1317 1617 Hyldobrandus
1348 1534 1490 1598 decanus
1520 1533 1612 1598 Mers·

313 1620 494 1704 burgensis,
520 1621 673 1686 Albertus
699 1623 853 1703 decanus,
879 1623 1093 1689 Theodericus
1121 1625 1306 1689 scolasticus
1332 1629 1440 1688 sancte
1460 1623 1613 1687 Mariein

314 1707 475 1790 Erlcrdia,
497 1709 570 1775 Otto
587 1711 772 1776 scolasticus
785 1713 819 1775 in
831 1713 987 1776 Vrizlaria
1002 1720 1034 1777 et
1046 1714 1208 1778 Ortwinus
1224 1713 1410 1778 scolasticus
1426 1718 1457 1777 et
1472 1712 1615 1776 officialis

313 1801 510 1884 prepositure
538 1802 637 1864 sancti
659 1801 771 1866 Seueri
795 1803 829 1865 in
846 1802 994 1866 Erfordia
1014 1804 1272 1887 recognoscimus
1293 1809 1325 1867 et
1343 1801 1549 1886 presentibus
1568 1801 1614 1864 de·
1688 1851 1689 1890 ,

313 1889 480 1972 eieramus,
502 1892 596 1972 quod,
618 1911 691 1955 cum
709 1893 793 1956 inter
807 1892 954 1957 abbatem
970 1901 1002 1956 et
1016 1902 1210 1958 conventum
1225 1893 1264 1958 de
1277 1893 1374 1956 Porta
1394 1896 1426 1955 et
1447 1892 1613 1976 plebanum

314 1979 353 2044 de
374 1979 646 2064 Weringeshusen
674 2001 769 2066 super
791 1985 927 2047 oratorio
948 1984 981 2046 in
1004 1983 1069 2047 Ver
1090 1989 1122 2048 et
1142 1983 1277 2047 ecclesia
1298 1983 1332 2044 in
1352 1980 1612 2046 Hentscesleiben

313 2075 345 2132 et
380 2070 570 2151 quibusdam
602 2071 869 2136 decimationibus
904 2093 942 2137 ac
974 2074 1045 2138 aliis
1071 2073 1218 2157 dampnis
1246 2071 1406 2136 discordia
1426 2077 1615 2147 moveretur,
1688 2129 1689 2154 ,

313 2158 441 2223 tandem
468 2165 572 2243 partes
599 2166 735 2242 utreque
762 2162 797 2224 in
824 2181 883 2226 nos
910 2169 1074 2246 tamquam
1102 2163 1135 2226 in
1162 2161 1297 2224 arbitros
1324 2161 1520 2224 imanimiter
1546 2179 1615 2222 con·
1688 2159 1689 2162 ’

312 2249 541 2328 cordaverunt,
582 2251 648 2316 fide
683 2252 890 2336 corporaliter
925 2254 1056 2336 prestita
1086 2253 1222 2316 firmiter
1251 2252 1486 2335 promittentes,
1524 2248 1616 2331 quod,

313 2339 466 2421 quicquid
482 2341 567 2403 inter
581 2360 635 2404 eos
651 2340 833 2404 arbitrando
848 2347 1059 2406 statueremus
1075 2341 1125 2406 vel
1138 2341 1367 2418 ordinaremus,
1388 2339 1449 2402 boc
1465 2339 1615 2402 deberent

312 2429 423 2492 eedem
436 2435 542 2513 partes
559 2430 618 2493 sub
634 2450 716 2515 pena
729 2432 904 2515 prescripta
923 2431 1150 2495 inviolabiliter
1170 2430 1338 2494 observare
1359 2435 1521 2512 perpetuo.
1554 2427 1615 2492 Nos

312 2537 388 2582 rero
413 2519 489 2582 binc
514 2519 589 2583 inde
615 2519 732 2584 audilis
756 2540 925 2586 causarum
952 2523 1073 2586 meritis
1099 2520 1265 2584 arbitraria
1286 2519 1471 2606 auctoritate
1492 2516 1616 2580 ordina-

311 2627 397 2687 mua,
427 2609 595 2672 statuimus
622 2616 655 2673 et
681 2611 888 2695 precipimus,
917 2616 954 2674 ut
978 2610 1133 2694 plebanus
1163 2611 1203 2674 de
1234 2607 1506 2692 Weringeshusen
1534 2607 1616 2670 omni

311 2698 387 2776 iuri,
414 2699 500 2779 quod
524 2697 642 2762 habere
667 2699 794 2763 videtur
816 2701 850 2762 in
872 2700 1008 2764 oratorio
1032 2705 1064 2764 et
1083 2701 1173 2764 curia
1194 2701 1227 2762 iu
1247 2699 1327 2778 Ver,
1357 2697 1487 2760 nemine
1508 2716 1568 2760 suo
1589 2705 1619 2758 et

311 2787 444 2850 ecclesie
469 2807 526 2850 sue
548 2787 640 2871 plene
661 2807 698 2852 ao
718 2790 840 2872 integre
861 2791 1028 2854 renunciet
1045 2796 1078 2854 et
1102 2789 1301 2873 pertinentiis
1327 2787 1527 2864 eorumdem,
1564 2785 1616 2848 tali

312 2876 434 2939 adiecta
457 2877 657 2951 condicione,
679 2878 765 2960 quod
785 2879 947 2962 predictus
967 2880 1123 2962 plebanus
1142 2880 1246 2962 ipsum
1268 2878 1441 2940 oratorium
1463 2874 1617 2939 officiabit
1687 2945 1688 2952 ἶ

312 2966 351 3030 de
385 2967 496 3030 eadem
528 2969 616 3030 ouria
649 2965 729 3032 duos
757 2969 893 3032 solidos·
919 2975 951 3032 et
978 2970 1039 3032 tria
1064 2969 1218 3050 maldera,
1247 2987 1346 3030 unum
1373 2966 1484 3042 tritici,
1515 2983 1614 3027 unum

311 3055 446 3140 siliginis
465 3063 497 3120 et
512 3077 611 3121 unum
628 3058 716 3122 ordei
734 3079 791 3142 pro
808 3059 923 3123 solario
940 3061 1032 3124 annis
1048 3061 1182 3143 singidis
1202 3065 1390 3142 receptmus
1410 3063 1442 3120 et
1462 3055 1615 3118 familiam
1687 3095 1688 3120 r

310 3147 344 3209 in
365 3145 629 3212 Hentscesleiben
656 3155 688 3212 et
714 3150 748 3210 in
766 3149 833 3211 Ver
857 3151 890 3211 in
917 3151 1140 3214 ecclesiasticis
1165 3149 1371 3213 sacramentis
1390 3145 1566 3227 requisitus
1587 3153 1617 3206 et

310 3243 440 3320 rogatus
462 3238 656 3320 procurabit,
678 3237 776 3301 abbas
797 3244 904 3301 autem
927 3258 1019 3303 versa
1041 3241 1109 3302 vice
1126 3240 1213 3302 omni
1234 3239 1310 3316 iuri,
1332 3235 1417 3318 quod
1439 3235 1471 3296 in
1495 3233 1617 3316 capella

310 3325 573 3392 Hentscesleiben
589 3328 705 3392 habere
720 3328 854 3404 videtur,
871 3328 962 3410 plene
978 3334 1011 3391 et
1024 3331 1146 3412 integre
1160 3329 1336 3406 renunciet,
1352 3323 1618 3389 decimationibus

311 3417 455 3481 eiusdem
480 3417 600 3500 capelle
629 3418 712 3500 apud
734 3417 919 3480 Portenscm
946 3419 1113 3484 ecclesiam
1138 3416 1390 3493 remanentibus,
1418 3415 1449 3477 in
1480 3431 1617 3495 quarum

312 3507 559 3570 decimationum
590 3513 622 3570 et
652 3507 787 3570 aliorum
813 3509 1022 3591 dampnorum
1049 3513 1243 3588 restaurum,
1274 3508 1301 3570 si
1327 3523 1391 3587 qna
1418 3504 1503 3566 facta
1532 3513 1616 3579 sunt,

310 3596 398 3659 dabit
418 3596 580 3660 Por-tensis
606 3598 740 3661 ecclesia
767 3597 934 3660 dimidium
960 3619 1107 3662 mansum
1134 3598 1173 3662 de
1196 3597 1379 3680 quindecim
1401 3593 1485 3675 agris
1507 3599 1560 3655 aut
1583 3593 1617 3654 in

309 3685 429 3748 finibus
462 3706 610 3769 agrorum
646 3706 774 3750 sucrum
808 3687 875 3767 rel,
913 3689 939 3750 si
972 3688 1108 3771 pecunia
1138 3706 1231 3770 agros
1260 3689 1443 3770 pretaxatas
1477 3683 1618 3745 voluerit

309 3794 506 3858 comparare,
533 3775 723 3855 mediocres
747 3795 807 3839 nec
830 3777 978 3840 meliores
1005 3797 1065 3841 nec
1092 3777 1233 3856 viliores,
1261 3774 1456 3858 comparabit
1479 3770 1616 3835 ecclesie

309 3865 341 3927 in
364 3863 635 3948 Weringesbusen
664 3873 815 3948 perpetuo
843 3866 1059 3949 possidendos.
1102 3867 1184 3931 Sane
1211 3874 1247 3929 ut
1266 3865 1420 3949 premissa
1441 3863 1546 3925 omnia
1571 3861 1618 3924 sic

308 3954 538 4018 rationabiliter
570 3961 702 4017 tractata
732 3968 763 4018 et
791 3961 919 4038 peracta
946 3962 1099 4041 perpetua
1122 3957 1272 4020 firmitate
1300 3953 1475 4018 consistant
1503 3969 1619 4016 secura

308 4051 418 4108 contra
447 4045 616 4109 oblivionis
641 4045 859 4122 incomodnm,
894 4045 1103 4110 cavillationis
1134 4054 1165 4109 et
1192 4043 1462 4128 interpretationis
1490 4039 1621 4104 sinistre
1686 4079 1687 4132 ἦ

308 4135 521 4219 calumpniam
559 4135 791 4214 detestandam,
832 4139 1010 4218 presentem
1051 4135 1211 4198 scedulam
1251 4133 1367 4198 exinde
1403 4129 1617 4210 conscriptam
1686 4145 1687 4167 ¹

309 4225 483 4308 sigillorum
515 4231 696 4288 nostrorum
724 4223 972 4308 appensionibus
991 4225 1143 4288 iussimus
1164 4225 1314 4288 roborari.
1356 4224 1439 4294 Acta
1459 4225 1533 4283 sunt
1554 4217 1620 4282 hec

307 4333 390 4379 anno
413 4316 533 4378 domini
553 4325 792 4395 M⁰GO⁰LVII⁰,
818 4314 891 4377 idus
917 4313 1132 4390 Decembrisl,
1160 4314 1362 4398 presentibus
1383 4312 1446 4390 eis,
1474 4327 1615 4391 quorum

307 4407 436 4468 nomina
453 4413 528 4468 suut
549 4406 740 4490 subscripta:
768 4403 924 4468 Ludolius
945 4403 1105 4488 subprior,
1126 4405 1223 4468 buter
1244 4404 1417 4468 Heinricus
1439 4400 1478 4464 de
1499 4397 1618 4462 ordine

308 4495 541 4575 predicatorum
575 4496 609 4556 in
638 4495 799 4572 Erlordia,
831 4494 1044 4560 Theodericus
1072 4501 1176 4558 rector
1203 4513 1376 4578 puerorum
1403 4490 1444 4554 ad
1471 4492 1621 4553 sanctam

306 4583 450 4666 Mariam,
472 4585 663 4648 Ludewicus
684 4586 857 4648 canonicus
880 4590 987 4648 sancte
1008 4585 1118 4648 Crucis
1138 4585 1172 4646 in
1186 4585 1378 4656 Northusen,
1399 4579 1623 4653 Winemarns,
