3506 5148
317 421 369 476 508
689 419 919 475 Urkundenbucb
938 421 986 475 dea
1004 420 1130 476 Klosters
1149 421 1251 475 Plorte.

317 593 434 676 1334.
461 593 558 677 dull
573 594 612 678 5.
640 592 793 675 Gotho.
1531 593 1622 676 553.

396 730 564 794 Friedrich
596 729 670 812 [der
688 728 893 814 Errastbatle]
925 730 1100 812 [campros
1127 751 1186 794 voa
1223 728 1409 810 Tbiiriapeo
1440 731 1541 810 eipuot
1567 730 1624 793 der

355 821 467 904 [auter
488 821 557 884 dou
574 821 729 884 Patroual
749 819 803 882 dos
814 819 955 882 Kloslcrs
969 817 1079 901 Psorle
1100 820 1265 884 stelaoadeu
1275 819 1303 903 ¹]
1326 818 1462 900 Kapelle
1481 820 1535 884 des
1554 820 1623 883 bril.

358 910 517 975 Niloluus
536 929 578 976 ru
595 909 802 991 Radersdorf
821 909 974 973 9Aoclrer
994 909 1128 974 dasclbst
1147 930 1197 975 ru.

463 1036 598 1091 Hercu:
618 1026 733 1092 Turb.
759 1027 870 1090 urorb
890 1035 1133 1104 (mundanos)
1152 1037 1201 1091 mu
1220 1036 1393 1106 Karmara

463 1129 578 1184 Draae:
595 1129 730 1184 Daaaau:
754 1129 839 1198 Wolff
853 1129 894 1196 11,
912 1133 973 1184 rer.

397 1257 463 1322 Nos
495 1249 674 1322 Friderious
710 1257 760 1322 dei
792 1259 897 1341 gracia
927 1255 1101 1340 Thuringie'
1131 1258 1352 1341 landgravius,
1391 1257 1562 1326 ldisnonsis
1595 1273 1625 1330 et

317 1348 486 1442 Ori'ontalis
508 1349 648 1414 marchio
670 1349 884 1432 dominusque
905 1355 985 1413 terre
1006 1349 1183 1414 Plisnensis
1205 1351 1404 1432 presencium
1427 1355 1625 1434 recognosci·

315 1461 389 1504 urus
409 1441 490 1504 serie
511 1445 542 1503 et
564 1441 602 1504 ad
626 1441 848 1504 universorum
871 1445 933 1503 tam
956 1441 1156 1522 presencium
1179 1460 1274 1522 quam
1297 1441 1488 1520 futurorum,
1509 1441 1625 1506 horum

316 1537 422 1595 autem
454 1531 606 1611 maxime,
637 1550 774 1614 quorum
804 1531 934 1594 interest
963 1537 994 1592 ot
1024 1529 1142 1612 quibus
1176 1549 1269 1594 nosse
1294 1531 1390 1594 fuerit
1418 1541 1624 1614 oportunum,

316 1623 463 1706 cupimus
489 1621 655 1684 noeionem
685 1621 866 1704 pervenire,
898 1619 982 1702 quod
1014 1640 1130 1684 novem
1162 1641 1254 1704 agros
1290 1621 1430 1704 antiquis
1460 1624 1625 1686 retroactis

316 1711 510 1795 temporibus
539 1710 692 1789 incultos,
723 1711 799 1774 sitos
830 1711 864 1772 in
891 1721 989 1794 pago*
1010 1710 1088 1791 ville,
1108 1709 1310 1776 Rudirsdorff
1338 1711 1498 1774 districtus
1525 1711 1625 1776 Echo

316 1800 514 1886 hardisberg,
547 1801 625 1864 moti
656 1801 806 1864 studiosis
835 1800 939 1864 dilecti
967 1800 1061 1872 nobis
1087 1797 1264 1866 Hermanni
1296 1801 1467 1884 capellani,
1494 1803 1624 1866 rectoris

315 1891 432 1975 capello
458 1891 560 1956 sancti
587 1889 709 1954 Nicolai
736 1889 871 1970 ibidem,
898 1891 1094 1974 argumentis
1117 1891 1285 1974 affectique
1313 1911 1367 1975 por
1394 1891 1534 1974 amplius
1561 1913 1624 1958 nou

317 1980 415 2044 nullis
437 1980 639 2045 adminiculis
659 1981 793 2064 pietatis,
814 2000 850 2045 eo
873 1981 957 2064 quod
978 1981 1135 2046 dictorum
1154 1981 1193 2044 ad
1209 2001 1267 2045 nos
1281 2001 1429 2064 agrorum
1445 1982 1624 2047 dominium

315 2090 356 2133 ex
377 2072 483 2135 causis
504 2071 656 2154 legittime
677 2071 896 2148 successionis,
915 2071 963 2134 uti
984 2071 1208 2154 presumimus
1229 2071 1414 2136 devolutum
1436 2074 1553 2154 extitit,
1573 2075 1624 2138 inb

316 2167 497 2226 nostrornm
534 2163 773 2246 progenitorum
810 2181 846 2224 ac
880 2162 1005 2244 proprie
1039 2160 1151 2224 salutis
1185 2162 1363 2226 remedium
1395 2163 1624 2245 sempiternum

318 2257 492 2332 memorato
513 2249 630 2333 capello
647 2251 748 2314 sancti
757 2248 881 2314 Nicolai
894 2250 1093 2328 donavimus
1114 2251 1413 2334 appropriavimus0,
1432 2256 1625 2318 anneximus

316 2348 347 2406 et
368 2341 465 2406 nihilo
487 2343 595 2406 miuus
617 2341 787 2421 donamus,
810 2341 1062 2424 appropriamus,
1087 2340 1288 2404 annectimus
1309 2340 1423 2406 harum
1442 2348 1624 2408 nostrarum

316 2434 397 2498 scria
417 2432 602 2497 litterarum.
633 2430 675 2494 ut
695 2450 736 2496 no
757 2430 849 2513 lapsu
870 2431 1019 2514 temporis
1040 2429 1079 2493 'do
1100 2430 1158 2493 hoc
1173 2431 1289 2494 erroris
1304 2431 1430 2496 devium
1452 2434 1625 2516 cuiquamd

315 2523 415 2607 possit
435 2520 581 2602 suboriri,
601 2527 779 2605 presentem
800 2522 948 2604 paginam
971 2520 1106 2603 desuper
1126 2515 1282 2584 conscribi
1305 2521 1438 2586 fecimus
1460 2526 1626 2607 nostrique

315 2614 511 2696 principatus
532 2611 627 2696 sigilli
649 2611 853 2688 communiri,
881 2609 1082 2694 presentibus
1106 2616 1152 2674 et⁰
1174 2608 1306 2674 testibus
1327 2609 1420 2675 Petro
1443 2612 1529 2678 dicto
1551 2613 1627 2676 Por-

317 2701 404 2786 zigk‘
424 2703 609 2781 marscalco,
637 2700 778 2764 Gotfrido
799 2701 883 2763 dicto
904 2698 1147 2782 Schindakophg
1167 2701 1255 2763 curie
1275 2701 1438 2782 magistm,
1466 2693 1627 2766 Friderico

317 2792 355 2855 de
377 2789 578 2874 Honsberge,
609 2790 755 2853 Bortoldo
778 2790 816 2854 de
837 2788 1013 2852 Nazsilride
1034 2787 1190 2853 militibus
1218 2796 1249 2852 et
1274 2791 1344 2854 aliis
1369 2789 1431 2854 fida
1458 2791 1567 2875 dignis
1588 2791 1626 2856 ad

317 2882 375 2945 hoc
395 2883 584 2945 annonast.
625 2882 744 2946 Actum
771 2888 802 2944 et
828 2881 938 2944 datum
967 2878 1069 2943 (lotha
1094 2879 1153 2942 sub
1182 2899 1266 2943 anno
1292 2882 1451 2962 dominice
1479 2883 1628 2948 incarna-

317 2973 419 3036 cionis
440 2981 579 3040 1111000Ο
601 2972 759 3034 tricesimo
781 2977 901 3054 quarto,
921 2970 1001 3034 feria
1021 2969 1117 3034 tercia
1138 2976 1209 3054 post
1229 2970 1372 3036 Processi
1394 2977 1425 3037 ot
1442 2971 1628 3037 Martiniaui

317 3064 484 3126 martirum
506 3060 679 3126 beatorum.
1284 3147 1286 3151 ι

387 3187 497 3258 'pagis
517 3187 543 3240 Τ
608 3177 667 3240 bin
685 3187 800 3252 sebltT
866 3185 1032 3240 ndonamus
1050 3187 1262 3256 appropriamus
1282 3188 1308 3240 T
1322 3187 1352 3241 D
1421 3178 1581 3259 dvnquam
1600 3187 1629 3242 D

318 3269 375 3322 ‘et
391 3268 459 3335 sebit
476 3265 506 3320 D
576 3256 703 3336 fporcrk
720 3266 752 3320 D
821 3263 1043 3335 laobindelroph
1062 3265 1091 3320 D
1161 3257 1313 3322 heuocatis
1332 3265 1361 3322 D

391 3375 399 3404 ¹
424 3373 479 3444 Vpl.
498 3371 550 3426 Nr.
561 3375 620 3426 457.

846 3483 1092 3492 ...—-....-...-.....-.

320 3532 434 3614 1334.
462 3530 701 3613 Beaomber
714 3529 778 3612 24.
1535 3535 1629 3618 554.

398 3665 470 3732 Das
492 3665 739 3734 Nonamlrlosler
760 3687 801 3730 ru
824 3669 981 3732 Arastauc
1001 3667 1148 3750 oerlroasl
1168 3669 1237 3732 dem
1258 3667 1387 3734 Kloslor
1406 3669 1516 3752 Psorle
1537 3671 1632 3734 einai

359 3761 426 3840 aas
442 3760 528 3822 mrim
549 3757 662 3821 Maible
681 3758 728 3824 bei
737 3757 912 3822 Bremoaaa
932 3759 1014 3840 (arod
1035 3759 1159 3822 credero
1174 3758 1334 3842 Galeria&
1355 3759 1520 3824 rabanum
1535 3761 1632 3842 joua-

359 3849 460 3914 liclaeu
482 3848 560 3912 Zius
580 3869 639 3913 oon
662 3853 707 3916 25
729 3847 920 3930 Sobillirrpeu
940 3850 998 3930 fiir
1021 3853 1042 3912 8
1064 3847 1178 3930 Haud
1198 3850 1351 3932 &furder
1373 3849 1539 3931 Pfeuaipe.

471 3976 604 4032 Halasit:
623 3976 668 4032 Or.
679 3977 754 4046 Prrp.
773 3977 860 4031 durch
870 3975 1054 4045 roborarat
1071 3976 1132 4030 aar
1148 3976 1307 4046 beocbc'idipt,
1325 3975 1478 4032 amdam
1497 3995 1552 4032 tiore
1569 3979 1633 4034 obss

516 4058 556 4110 bia
573 4063 658 4111 unua
675 4057 879 4126 dacigenae
896 4056 955 4110 aad
973 4057 1080 4111 deabalb
1098 4057 1155 4124 aas
1169 4053 1268 4123 Papier
1290 4057 1456 4125 auspeldebt,
1483 4059 1569 4112 wobea'
1591 4057 1635 4110 dic

517 4136 705 4190 oorbaadcaen
716 4137 828 4190 Irtiolam
846 4137 985 4190 tbrilweioo
996 4143 1079 4190 etwas
1092 4153 1127 4190 ra
1137 4151 1212 4204 prosa
1227 4135 1367 4204 pabordm
1381 4153 1416 4190 eu
1426 4135 1487 4190 aeia
1494 4137 1633 4191 orheim

519 4216 576 4272 Von
593 4217 854 4286 Siepeleiraaobnitlea
880 4217 916 4271 nr
938 4217 978 4270 bei
994 4216 1054 4270 dun
1071 4215 1251 4283 acbndbatlea
1269 4215 1408 4270 amande
1425 4214 1475 4270 dor
1498 4215 1635 4272 Urlrundc

518 4297 605 4351 uiolas
624 4314 660 4350 ru
676 4297 821 4351 barnaban.
859 4296 1023 4366 Mapdeburp
1042 4297 1127 4351 Sari.
1142 4295 1245 4363 Erfurt
1262 4295 1297 4348 Β.
1309 4294 1347 4360 X,
1367 4294 1475 4350 Natio.

475 4390 531 4459 Vpl.
551 4388 722 4456 Barlrburdt,
745 4389 801 4445 ΠΒ.
820 4407 871 4444 aua
888 4389 1025 4444 Amatam
1043 4393 1084 4444 71.

405 4505 470 4567 Nos
505 4505 703 4568 ....ricus
739 4503 953 4589 prepolsitusl,
989 4503 1022 4566 H
1044 4551 1186 4565 ......
1219 4503 1383 4586 priorissa,
1425 4463 1634 4586 Conagundis
1727 4487 1728 4490 ¹

326 4595 510 4672 cameraria,
541 4593 754 4677 Hildegundis
779 4595 956 4674 celleraria,
991 4593 1151 4656 Elisabeth
1173 4598 1293 4675 custos,
1332 4591 1505 4657 Gerdrudis
1529 4594 1635 4674 in[fir·
