3506 5148
676 399 882 460 nane-484.
904 401 979 459 lere.
1432 405 1484 463 ne

177 593 304 674 1319.1
330 591 498 677 nureo.
529 595 725 678 Seeleek.
1388 598 1483 679 484.

257 735 321 801 Die
341 739 472 803 Briider
492 739 661 818 Heinrich,
683 741 811 822 liudolf
825 741 894 804 rand
915 739 1057 804 Dieiricb
1084 741 1242 806 Schealcen
1263 761 1322 805 aaa
1344 742 1483 820 Saelecla

216 835 356 909 perenni
380 851 439 894 area
465 831 592 908 Venite,
625 831 728 896 lassea
759 833 827 895 dem
850 829 1100 896 Neanerablosier
1126 851 1167 896 aa
1192 833 1406 914 Quedliabarp
1434 835 1485 896 die

217 919 325 982 beiden
346 918 465 1002 Diirfer
485 921 694 997 Frankcnau,
716 923 811 986 deren
832 923 915 984 eines
936 925 1032 984 nriisie
1052 922 1101 997 isi,
1119 922 1206 984 nebat
1225 923 1317 984 aliern
1333 923 1483 1000 ancbb'r,

218 1009 299 1072 anch
326 1011 396 1074 dem
421 1013 677 1076 Peiroacisrecbi
708 1013 783 1076 iiber
808 1013 859 1075 dic
885 1011 1005 1074 Kircbe
1033 1013 1101 1074 aad
1132 1012 1192 1074 dea
1227 1013 1392 1076 Gericbiea
1423 1017 1490 1094 aas

216 1101 274 1250 elegii
290 1101 484 1254 gaggida
520 1101 672 1165 dicacibea
709 1105 778 1166 clera
811 1101 935 1166 Klosier
964 1101 1074 1183 Psoric
1101 1121 1143 1166 en
1173 1102 1367 1183 ibericapen.
1417 1103 1482 1184 Vpl.

253 1211 278 1252 r.
339 1215 365 1256 a.
447 1243 453 1256 .

326 1317 462 1371 Hdacba:
486 1309 577 1372 T33l.
606 1309 715 1372 broch
735 1319 786 1387 (tii.
799 1317 980 1385 Franclroue)
999 1317 1048 1371 mit
1067 1317 1242 1386 Karcuripea.

329 1408 453 1464 Dracbc:
486 1411 592 1478 Ereti,
621 1411 684 1467 de.
699 1411 765 1480 dipl.
784 1411 922 1480 Qnedliab.
942 1415 995 1464 383
1024 1427 1074 1477 „ex
1097 1412 1289 1482 autographo“
1316 1413 1365 1464 mit
1389 1410 1484 1479 Siepel-

376 1489 569 1559 abbildnapca,
596 1493 667 1545 arieli
685 1491 799 1544 andem·
816 1491 925 1560 Varlape
942 1491 985 1543 als
1006 1491 1031 1542 T
1044 1491 1104 1543 acaci
1122 1491 1158 1544 D.
1196 1491 1349 1558 (Hamiroei
1368 1491 1416 1544 cler
1433 1493 1483 1559 sol-

377 1571 460 1639 pcade
472 1571 558 1639 Text.)
584 1571 722 1626 Dmtecb:
739 1573 825 1640 Wolff
834 1571 876 1638 II,
895 1575 954 1625 387.
992 1571 1047 1640 Vpl.
1062 1569 1187 1639 Leprairm
1206 1570 1375 1639 Rurlelebnrp
1386 1575 1428 1624 38.
1440 1575 1483 1638 62,

381 1649 462 1704 Aram.
474 1654 525 1704 106
541 1651 600 1704 auid
617 1651 665 1706 Kl.
676 1653 751 1706 Salar.
761 1653 804 1716 II,
822 1656 866 1707 29.
876 1656 918 1706 50.

258 1781 378 1845 illustri
396 1803 433 1846 ac
450 1783 621 1846 reverende
639 1785 765 1847 domine
787 1834 810 1845 ..
833 1783 990 1848 abbatisse
1012 1785 1132 1866 totique
1150 1786 1320 1846 conventui
1335 1790 1382 1847 et*
1399 1787 1483 1868 capi-

179 1871 247 1934 tulo
268 1875 493 1937 canonicarum
516 1893 572 1937 sen
594 1875 906 1938 sanctimonialiurnl
921 1875 1115 1957 regularium
1133 1875 1164 1935 in
1179 1872 1481 1957 Quidelingesburg⁰

178 1961 347 2043 Henricns,
366 1961 523 2027 liudolfus
539 1985 576 2028 ac
588 1964 798 2028 Theodericus
814 1965 924 2028 iratres
940 1967 1088 2048 pincerne
1105 1963 1162 2026 ded
1181 1963 1326 2026 Saleclre⁶
1347 1965 1421 2026 dicti
1444 1967 1481 2026 de

181 2051 287 2116 Varila
308 2053 466 2118 fidelitatis
489 2075 546 2118 sue
567 2059 782 2119 constanciam
805 2076 878 2118 cum
901 2055 1053 2138 obsequio
1073 2054 1236 2116 indefesso.
1279 2053 1485 2116 Universitati

179 2149 285 2206 vestre
311 2145 390 2206 duas
418 2145 509 2208 villas
538 2147 637 2210 dictas
667 2154 817 2229 utrasque
838 2145 1078 2222 brenensem
1105 2165 1241 2226 quarum
1270 2164 1333 2206 una
1357 2149 1405 2206 est
1433 2143 1485 2206 de-

180 2239 271 2310 serta,
293 2254 366 2296 cum
391 2235 538 2298 undecim
562 2238 682 2300 mansis
703 2237 742 2299 ad
764 2236 874 2300 ambas
895 2236 986 2298 villas
1008 2234 1248 2317 pertinentibus,
1269 2235 1358 2312 areis,
1379 2235 1486 2312 curiis,

179 2323 333 2402 curtibus,
361 2324 469 2405 hortis,
496 2328 652 2407 pomeriis,
679 2328 771 2408 agris
792 2327 885 2389 cultis
906 2331 937 2388 et
958 2325 1095 2403 incultis,
1116 2326 1221 2406 pratia,
1242 2327 1376 2407 pascuis
1397 2323 1485 2386 silvis

179 2421 211 2474 et
238 2413 375 2490 silvulis,
407 2415 466 2478 viis
497 2423 528 2477 et
558 2417 669 2495 inviis,
699 2437 772 2479 curu
803 2417 883 2478 silva
910 2419 970 2478 sita
996 2416 1079 2476 cirea
1106 2415 1224 2495 regiam
1250 2421 1393 2492 stratam,
1423 2431 1486 2494 que

181 2503 296 2565 dicitur
318 2504 397 2566 silva
419 2503 631 2582 abbatissc⁸,³
653 2507 735 2589 crare*1
755 2505 954 2589 protenditur
974 2523 1078 2586 usque
1095 2504 1134 2566 ad
1155 2505 1307 2566 fossatum
1330 2504 1486 2582 torrentia,

180 2612 242 2674 que
273 2595 373 2676 vergit
399 2594 437 2656 de
463 2613 573 2678 campo
601 2595 744 2660 Dobenei
775 2598 905 2659 contrat
927 2594 1045 2670 Salam,
1072 2614 1145 2657 cum
1175 2615 1270 2676 parva
1295 2593 1375 2655 silva
1400 2595 1485 2655 adia-

180 2691 281 2762 cente,
303 2703 398 2764 quam
422 2683 494 2748 Otto
517 2686 620 2748 dictus
642 2685 681 2748 de
696 2685 852 2748 Luclroue
874 2706 892 2747 a
914 2685 1006 2748 nobis
1027 2685 1179 2746 hactenus
1201 2685 1234 2746 in
1256 2685 1346 2746 ieodo
1370 2684 1486 2761 habuit,

179 2781 211 2834 et
243 2773 378 2854 singulis
411 2775 605 2856 appendiciis
637 2775 848 2858 predictarum
880 2776 1045 2855 villarum,
1082 2795 1154 2837 cnm
1195 2776 1263 2836 iure
1303 2779 1485 2856 patronatus

179 2862 311 2925 ecclesie
338 2863 486 2946 predictis
511 2864 603 2927 bonis
631 2885 757 2928 annexa
787 2875 817 2929 et
848 2885 921 2928 cnm
950 2868 1035 2928 omni
1067 2868 1137 2928 iure
1165 2872 1196 2928 et
1217 2866 1434 2927 iurisdictione
1455 2873 1486 2927 et

178 2953 295 3015 iudicio
327 2955 493 3036 sanguinis
524 2963 555 3017 et
585 2955 702 3018 indicio
733 2975 904 3032 mannum,
939 2956 1024 3038 quod
1056 2956 1228 3036 vulgariter
1258 2957 1372 3017 dicitur
1403 2955 1485 3016 bals-

178 3043 317 3126 gericbte
338 3050 368 3105 et
392 3043 624 3127 hantgericbte‚
652 3065 709 3108 seu
740 3065 933 3130 quocunque
960 3047 1030 3108 iure
1056 3045 1132 3122 alio,
1159 3046 1289 3107 nomine
1311 3045 1360 3107 vel
1382 3045 1484 3126 tytulo

180 3134 293 3214 poterit
319 3134 480 3216 appellari,
506 3136 706 3218 presentibus
729 3137 929 3218 resignamus
956 3155 1029 3198 cunr
1054 3153 1212 3198 consensu
1239 3137 1382 3198 omniurn
1411 3155 1481 3198 con-

181 3223 436 3287 ieodatoriorum¹
458 3230 489 3288 et
509 3227 653 3290 omnium
669 3226 880 3289 conterebam
892 3233 1082 3304 nostrorum,
1103 3227 1368 3288 abrenunciantes
1384 3227 1485 3287 omni-

181 3314 241 3376 bus
261 3314 415 3394 iuribusr,
439 3316 583 3398 iustioiis,
612 3317 809 3398 utilitatibus,
837 3319 980 3396 usibusr,
1005 3315 1212 3398 proventibus
1238 3325 1269 3378 et
1296 3316 1485 3378 iurisdictio·

180 3403 292 3483 nibus,
320 3422 382 3487 qna
403 3404 557 3468 hactenus
577 3406 749 3470 habuimus
770 3409 804 3469 in
827 3407 911 3470 villis
933 3413 964 3470 et
982 3405 1074 3469 bonis
1096 3425 1192 3486 supra
1214 3405 1304 3468 dictis
1324 3411 1355 3468 et
1375 3425 1434 3467 nos
1454 3411 1486 3468 et

178 3495 280 3556 nostri
307 3493 476 3558 coheredes
505 3501 631 3559 essent⁰
659 3498 877 3578 inposterum
907 3496 1060 3576 habituri,
1088 3500 1235 3576 rogantes
1267 3495 1379 3556 intimo
1410 3513 1483 3557 cum

178 3583 307 3664 affectu,
338 3591 497 3668 quatenus
527 3585 636 3650 eadem
665 3587 748 3649 bona
769 3585 897 3649 domino
918 3635 941 3647 ..
964 3585 1069 3650 abbati
1091 3589 1122 3648 et
1142 3585 1313 3647 conventui
1336 3585 1368 3645 in
1390 3583 1484 3646 Porta

177 3673 321 3736 conferre
344 3675 519 3756 dignemini
547 3683 577 3739 et
599 3677 683 3759 ipsos
705 3675 744 3739 de
764 3677 834 3740 inre
853 3678 1051 3760 proprietatis
1074 3695 1130 3759 per
1150 3680 1270 3738 vestras
1292 3673 1433 3736 litterasp
1454 3680 1485 3737 et

176 3763 320 3844 ydoneos
340 3766 476 3827 nuncios
496 3765 654 3829 investire.
697 3765 843 3830 Ceterum
874 3769 1023 3831 volumus
1049 3772 1080 3830 et
1099 3767 1253 3850 petimus,
1277 3771 1313 3828 ut
1340 3785 1396 3828 vos
1420 3785 1483 3828 non

178 3859 320 3934 moveat,
362 3855 447 3938 quod
484 3855 622 3939 predicta
660 3856 743 3920 bona
774 3860 865 3921 vobis
894 3859 1093 3921 litteratorieq
1123 3857 1370 3939 resignavimus,
1410 3875 1484 3919 eum

180 3951 308 4027 propter
334 3945 455 4008 malum
482 3951 600 4009 statum
626 3953 706 4010 terre
736 3953 767 4011 et
793 3949 942 4031 capitales
967 3948 1150 4011 inimicitias
1176 3947 1215 4009 ad
1237 3967 1294 4008 vos
1315 3947 1424 4009 venire
1452 3948 1484 4010 in

176 4036 323 4118 personis
353 4037 488 4119 propriis
519 4055 584 4099 non
614 4038 803 4120 possimus,
840 4038 1017 4122 obligantes
1052 4055 1111 4101 nos
1143 4036 1355 4119 presentibus,
1391 4037 1485 4118 quod,

175 4125 436 4208 quandocunque
469 4125 508 4189 ad
540 4132 678 4190 vestram
709 4129 905 4211 presenciam
940 4129 1069 4192 remotis
1105 4127 1339 4210 impedimentis
1377 4129 1484 4190 venire

173 4216 361 4298 poterimus,
380 4215 631 4298 resignationem
654 4221 685 4280 et
703 4217 1021 4282 abrenunciacionem
1042 4219 1194 4301 legittime
1220 4217 1342 4298 lingua,
1370 4228 1484 4279 manu⁸

173 4309 210 4368 et
242 4307 433 4370 secundum*
466 4307 729 4372 consuetudinem
760 4309 978 4372 iusticialiter¹¹
1011 4311 1173 4372 faciemus.
1226 4307 1277 4369 Ad
1313 4307 1406 4370 cuius
1438 4307 1484 4368 rei

171 4394 327 4460 noticiam
359 4401 390 4459 et
420 4397 634 4461 evidenciam'
670 4400 843 4481 pleniorem
872 4418 1002 4481 presens
1032 4399 1183 4480 scriptum
1218 4399 1333 4460 nostris
1364 4397 1484 4477 sigillis,

172 4485 299 4567 quibus
321 4487 366 4549 nti
387 4488 421 4548 in
444 4489 562 4550 nostris
578 4490 716 4570 negociis
732 4491 969 4565 consuevimus,
990 4488 1124 4552 fecimus
1135 4489 1334 4552 communiri.
1365 4485 1482 4550 Datum
1590 4548 1592 4552 .

169 4581 212 4642 in
234 4576 389 4640 Selecte'
411 4595 496 4640 anno
518 4577 641 4641 domini
660 4587 871 4660 ncooxlx1,
890 4589 961 4643 Xlfl
981 4579 1133 4643 kalendas
1153 4579 1246 4641 lunii.
