3506 5148
575 386 625 444 Nr.
636 389 784 444 558-559.
806 386 988 444 reas—1342.
1385 385 1440 450 513,

128 541 239 604 fratres
265 541 328 604 mei
353 545 383 606 ot
411 539 468 604 filii
497 543 560 604 mei
589 542 742 620 minores,
768 544 937 623 postquam
964 538 1003 602 nd
1025 557 1127 602 annos
1147 537 1346 604 discretionis
1365 559 1434 623 per-

125 632 285 711 venerint,
314 649 411 712 supra
438 631 589 714 scriptum
621 634 818 694 contractum
842 650 916 694 cum
938 629 1087 693 omnibus
1109 630 1177 692 suis
1197 631 1432 696 conditionibus

127 727 159 784 et
181 721 284 784 modis
304 721 515 800 innovabunt,
535 720 755 804 approbabunt
775 726 807 783 et
826 719 1029 784 ratificabunt
1042 719 1221 783 voluntarie
1233 726 1265 784 et
1277 740 1433 804 expresse,

125 831 182 894 pro
209 813 372 894 premissis
397 811 547 875 omnibus
572 817 606 875 et
634 811 770 894 singulis
790 809 996 874 observandis
1017 816 1048 874 et
1069 810 1203 874 fideliter
1223 812 1434 896 adimplendis

125 901 306 965 Coeranum
327 901 366 964 de
387 901 519 966 Heseler
540 906 571 964 et
591 901 737 966 Vlricnm
758 901 798 964 de
817 901 1026 966 Lichtenhain
1054 907 1180 964 nostros
1206 921 1434 985 consponsores

125 999 156 1054 et
183 991 340 1055 debitores
368 992 557 1075 principales
585 992 676 1056 dictis
702 991 897 1076 emptoribus
925 997 1108 1056 statuentes.
1149 991 1295 1056 Preterea
1316 1013 1434 1058 renun-

126 1084 250 1145 ciamus
277 1084 455 1166 exceptioni
483 1103 547 1146 non
576 1083 683 1161 soluti,
710 1101 776 1144 non
797 1082 960 1164 ponderati
982 1082 1091 1163 precii,
1119 1083 1254 1164 auxilio,
1275 1104 1338 1166 quo
1360 1086 1434 1148 sub-

126 1172 255 1234 venitur
275 1173 501 1236 circumventis
526 1173 609 1236 ultra
636 1172 804 1236 dimidium
825 1173 902 1234 iusti
924 1175 1019 1255 precii
1041 1177 1073 1234 et
1093 1171 1246 1255 deceptis,
1274 1175 1337 1237 doli
1359 1177 1433 1240 meli

126 1268 157 1324 et
177 1263 211 1324 iu
232 1260 350 1325 factum
372 1264 531 1342 actionis,
554 1261 705 1326 beneficio
727 1263 941 1326 restitucionis
962 1265 996 1326 in
1018 1263 1178 1342 integrum
1199 1269 1230 1326 et
1245 1266 1435 1345 generaliter

126 1353 216 1415 omni
237 1364 350 1434 opere⁴¹
371 1358 403 1416 et
422 1353 542 1416 auxilio
563 1354 643 1416 iuris
664 1353 809 1415 canonici
830 1357 862 1416 et
882 1353 994 1431 civilis,
1013 1371 1069 1434 per
1090 1369 1152 1434 que
1175 1353 1334 1433 predictus
1360 1375 1434 1418 con-

127 1448 248 1506 tractus
284 1443 318 1504 in
348 1447 413 1505 toto
444 1444 494 1507 vel
529 1445 564 1506 in
594 1449 681 1527 parte
711 1443 845 1522 irritari,
879 1443 987 1506 viciari
1017 1443 1132 1524 possitr
1167 1441 1346 1524 aliqualiter
1379 1453 1435 1508 aut

125 1532 271 1613 rescindi,
293 1537 324 1595 et
345 1533 522 1616 specialiter
542 1535 603 1596 iuri
627 1533 743 1596 dicenti
765 1533 1034 1596 renuntiationem
1055 1551 1124 1596 esse
1145 1533 1318 1596 invalidam
1338 1555 1433 1616 gene-

126 1624 233 1686 ralem.
273 1621 340 1686 Nos
362 1643 490 1706 quoque
512 1623 676 1690 Comedus
696 1628 727 1685 et
749 1622 877 1686 Vlricus
898 1622 1029 1705 predicti
1051 1624 1319 1704 recognoscimus,
1347 1627 1433 1706 quod

126 1712 165 1774 ad
190 1729 299 1795 preces
328 1710 462 1775 Conradi
491 1717 538 1775 et⁸
565 1731 698 1776 suorum
724 1713 858 1777 t'ratrum
886 1713 1099 1795 predictorum
1124 1717 1155 1776 et
1182 1731 1239 1795 pro
1269 1714 1346 1796 ipsis
1375 1736 1433 1780 nos

130 1803 222 1864 dictis
250 1801 379 1864 domino
403 1801 509 1866 abbati
536 1809 567 1866 et
592 1823 651 1867 suo
680 1805 852 1868 conventui
873 1823 929 1887 pro
950 1802 1100 1866 omnibus
1120 1821 1217 1885 supra
1238 1805 1362 1886 scriptis
1379 1809 1434 1871 ad-

129 1891 299 1974 implendis
328 1896 360 1954 et
388 1891 613 1958 inviolabiliter
638 1893 844 1958 observandis
870 1901 1035 1975 tamquam
1061 1891 1217 1956 debitores
1247 1895 1435 1978 principales

129 1984 163 2044 in
198 1981 338 2045 solidum
372 1980 584 2065 obligavimus
615 1991 646 2046 et
675 1984 876 2067 presentibus
909 1982 1096 2066 obligamus.
1142 1981 1180 2044 ln
1208 1985 1434 2064 premissorum

127 2074 229 2156 igitur
257 2073 402 2136 omnium
430 2079 461 2136 et
489 2075 689 2156 singulorum
713 2076 931 2140 testimonium
961 2073 1088 2156 prelatis
1116 2071 1254 2136 dominis
1279 2074 1383 2140 abbati
1405 2084 1437 2141 et

126 2164 301 2226 conventui
323 2167 484 2245 presentes
505 2165 626 2228 litteras
646 2167 838 2248 appensione
860 2164 1037 2247 sigillorum
1057 2165 1137 2243 mei,
1163 2161 1298 2226 Conradi
1327 2167 1436 2230 vendi·

125 2255 220 2330 toris,
256 2271 319 2335 quo
350 2258 381 2315 et
419 2273 477 2316 nos
505 2252 714 2318 Hermannus
745 2260 776 2318 et
806 2254 935 2320 Vlricus
964 2253 1076 2317 frames
1113 2253 1257 2336 predicti,
1296 2259 1327 2318 et
1364 2259 1437 2336 mei,

127 2343 231 2406 Vtrici
252 2342 291 2405 de
312 2341 536 2425 Licbtenbaiu,
556 2363 620 2427 quo
642 2349 672 2408 et
692 2363 748 2427 ego
769 2343 934 2407 Conradus
956 2344 994 2408 de
1015 2343 1147 2406 Heseler
1168 2341 1340 2425 predictus,
1361 2365 1435 2410 cum

16 2439 18 2448 ’
125 2433 264 2517 propriis
290 2451 454 2496 careamus
479 2434 606 2516 sigillis,
632 2435 756 2498 utimur
780 2435 815 2496 in
838 2436 992 2516 presenti,
1018 2433 1164 2496 dedimus
1191 2433 1324 2498 fideliter
1351 2455 1436 2500 com·

125 2522 278 2586 munitas.
318 2521 424 2586 Testes
451 2542 579 2606 quoque
607 2525 835 2606 premissorum
862 2529 938 2588 sunt
962 2524 1103 2607 religiosi
1134 2525 1195 2586 viri
1222 2524 1334 2588 fratres
1355 2524 1436 2590 Gon-

124 2613 226 2676 radus
257 2614 451 2676 camerarius
484 2614 587 2678 dictus
619 2614 657 2676 de
681 2612 882 2693 Summerde,
912 2613 1063 2678 Albertus
1088 2614 1192 2677 dictus
1212 2615 1250 2676 de
1271 2613 1437 2680 Eckestete

125 2701 381 2781 subcellerarius,
403 2703 553 2767 Albertus
573 2704 612 2768 de
625 2703 829 2768 Oranchborn
850 2706 1000 2787 magister
1020 2723 1255 2784 conversorum,
1276 2704 1436 2770 Henricus

124 2797 233 2858 dictus
253 2791 409 2856 Prolraczt
437 2794 591 2858 scultetus
609 2795 641 2856 in
664 2793 811 2858 Lutental
838 2799 869 2856 et
894 2795 1002 2876 plures
1023 2795 1076 2856 alii
1097 2793 1160 2856 fide
1182 2793 1278 2877 digni.
1318 2794 1435 2860 Datum

122 2903 215 2952 anno
236 2883 356 2946 domini
377 2893 679 2964 M⁰OCO⁰XXX1X⁰,
700 2886 734 2946 iu
757 2884 864 2965 vigilia
886 2884 968 2948 beati
990 2883 1111 2948 Nicolai
1132 2886 1277 2968 episcopi.

198 3023 340 3078 *coneus
359 3023 435 3090 (aare
453 3025 480 3074 et
500 3020 670 3087 vincens
737 3013 887 3078 luteus*
955 3023 1202 3078 cconcussor
1234 3021 1387 3076 boculares,
1406 3021 1436 3075 D

121 3098 392 3162 ‘¹Sachsenhusenn
413 3101 439 3154 T
470 3101 669 3157 sachsinhusen
688 3103 719 3157 D
788 3105 850 3157 ⁰ut
866 3104 935 3172 sebit
950 3103 981 3158 D
1034 3094 1092 3158 sac
1110 3103 1140 3157 D
1193 3103 1251 3155 ⁸ot
1269 3103 1347 3169 (etati
1364 3107 1391 3170 a)
1414 3103 1441 3156 Τ

121 3179 188 3240 het
205 3183 276 3238 dans
295 3185 371 3252 (stati
389 3199 407 3236 a
423 3181 560 3248 dicator
627 3175 847 3238 inilominuaT
914 3175 1021 3238 ldicta
1042 3184 1067 3236 Τ
1123 3175 1245 3238 ¹suaT
1302 3183 1321 3210 ¹¹¹
1340 3182 1454 3238 aucto-'

120 3264 263 3320 rizareD
351 3261 459 3316 ''acD
553 3263 702 3318 ‘'dictcT
787 3264 973 3318 lacciouiD
1060 3263 1185 3333 qope'F
1270 3264 1438 3332 rpossetD

119 3351 131 3376 ⁹
152 3353 184 3400 et
205 3345 272 3412 sebit
291 3343 312 3395 Τ
380 3335 440 3396 tSo
460 3341 486 3408 Τ,
504 3343 634 3398 withsand
651 3345 683 3398 in
701 3345 730 3397 D
748 3345 801 3398 olle
819 3345 925 3414 Zeapen
944 3345 1041 3412 seties.
1080 3343 1160 3398 Neela
1180 3343 1232 3397 Nr.
1247 3347 1298 3397 464
1311 3343 1369 3398 amd
1385 3348 1437 3398 467

118 3429 214 3483 laum
231 3423 279 3478 der
296 3422 387 3476 Name
402 3421 623 3476 waltrscbeinlielr
641 3423 726 3480 Phar.

119 3635 260 3722 1342.1
285 3633 394 3716 iuni
409 3633 447 3718 ὃ.
1341 3635 1435 3720 559.

209 3769 274 3837 Die
298 3771 430 3835 Bastar
457 3771 594 3852 Ludwip
620 3771 690 3835 aad
715 3769 872 3854 Berinper
902 3792 961 3835 von
987 3771 1177 3852 Melitenen,
1207 3777 1349 3852 pensant
1378 3793 1437 3837 oon

165 3863 396 3944 Sebeidnapea
410 3863 561 3927 scientes
573 3863 642 3926 dena
653 3861 780 3925 Kloster
792 3861 901 3944 Psorte
910 3863 969 3926 dos
980 3861 1168 3926 Lebnsrccbt
1177 3861 1252 3925 iiber
1264 3866 1310 3926 20
1319 3863 1437 3926 Acriter

164 3954 241 4018 und
261 3953 353 4016 einen
373 3951 447 4034 Hof
461 3954 498 4016 in
521 3955 577 4018 Gr.
593 3951 756 4034 Obrinpen.

281 4079 414 4134 Heca:
443 4080 487 4136 Or.
508 4081 583 4150 Perp.
610 4079 697 4132 darclr
714 4078 810 4134 Moriar
835 4079 896 4132 scier
921 4077 1072 4147 waltidipt
1098 4077 1157 4131 aad
1183 4079 1241 4146 ons
1254 4077 1355 4146 Papier
1372 4080 1438 4146 aas·

324 4161 431 4230 pentat.
460 4161 505 4228 Sp·
522 4161 678 4230 obperisacn.
712 4160 878 4230 Mcpcieburq
894 4159 933 4214 St.
945 4159 979 4214 A.
991 4159 1094 4228 Ersart
1112 4159 1146 4213 B.
1157 4158 1195 4226 X,
1214 4157 1267 4212 Nr.
1278 4163 1320 4213 61.

286 4252 463 4322 Unpedrractt.
507 4251 563 4321 Vpi.
582 4252 717 4320 Zteelrrf.
731 4253 804 4306 their.
819 4251 912 4305 Geeelr.
930 4252 960 4318 V,
976 4255 1037 4306 249.

211 4377 379 4442 Universis
401 4376 517 4440 Christi
537 4375 698 4456 fidelibus,
725 4377 763 4440 ad
792 4395 872 4458 quos
899 4395 1029 4459 presens
1050 4373 1225 4456 scripltuml
1249 4377 1435 4457 pervenerit,

120 4491 191 4539 nos
215 4468 404 4532 ludewicus
425 4472 457 4530 et
477 4466 670 4549 Beringerus
691 4467 730 4528 de
749 4465 929 4548 Meldingen
950 4467 1062 4530 frames
1089 4467 1162 4530 dicti
1185 4465 1224 4527 de
1245 4463 1437 4548 Schidingen

117 4561 282 4646 cupimus
304 4559 370 4622 fore
384 4561 506 4638 notam,
529 4557 614 4640 quod
628 4561 753 4620 matura
768 4555 998 4619 deliberacione
1016 4555 1178 4638 prehabita
1190 4574 1264 4618 cum
1278 4573 1437 4631 consensu
