3402 5152
601 437 652 494 Nr.
663 439 810 496 etr-359.
830 439 907 498 1301.
1356 441 1409 497 349

142 583 346 650 Albanam
375 585 566 652 Parasclaruu
596 589 710 655 medor
736 610 778 656 au
805 590 910 656 Leben
938 590 1051 670 liuban,
1081 591 1138 674 fair
1170 589 1312 657 6Mnrlr
1340 591 1408 658 dem

142 674 269 740 Kloster
290 675 406 758 Pforde.

252 811 386 867 Horam:
406 813 483 898 ΠΒ.
502 810 532 870 D
546 806 615 870 118b
634 817 686 883 (tit.
697 815 914 885 Haseinbuaen).

253 905 365 962 uror.-
381 906 518 962 omnra:
541 909 626 978 norff
637 909 679 976 rr,
696 913 757 965 ara.

180 1031 249 1114 Ego
271 1029 342 1095 Otto
369 1033 461 1098 miles
489 1033 593 1098 dictus
614 1036 654 1100 de
675 1033 836 1100 Gostenitz
862 1040 970 1100 tenore
990 1037 1191 1138 presencium
1211 1035 1339 1119 publice
1358 1053 1406 1099 re-

108 1141 270 1202 cognosco
304 1122 389 1206 quod
418 1123 619 1188 advocaciam
650 1144 746 1208 super
772 1123 930 1208 quatulolr
957 1143 1083 1188 mansos
1107 1125 1142 1188 in
1168 1123 1408 1204 Hasseuhusen‚

108 1233 198 1296 quam
235 1233 253 1275 a
289 1212 417 1278 domina
448 1213 607 1279 abbatissa
638 1215 696 1280 da
730 1213 1077 1298 Quedelingaburgt
1039 1215 1131 1278 titulo
1164 1215 1281 1278 feudali
1316 1217 1406 1279 tenui

108 1304 284 1386 quamque'³
314 1301 483 1369 Bertoldus
519 1308 725 1386 cognominoc
756 1306 860 1370 dictus
890 1305 999 1370 Phaffe
1030 1285 1125 1390 super
1156 1305 1236 1369 duos
1270 1325 1406 1385 mansos,

106 1394 229 1457 demina
259 1395 395 1458 eciam.
414 1395 589 1474 &relicta
613 1397 736 1461 Alberti
763 1396 801 1460 do
820 1395 1115 1472 Bontzscheraweffi
1143 1416 1238 1479 super
1265 1396 1405 1478 reliquos

106 1483 179 1548 dnos
208 1485 268 1550 sub
288 1488 419 1550 nomine
414 1445 578 1550 dotalicii
600 1507 618 1550 a
641 1506 691 1551 me
712 1487 838 1552 simili
828 1507 900 1551 rure
920 1490 1070 1562 retinent,
1097 1487 1226 1552 domino
1248 1485 1353 1551 abbati
1375 1492 1406 1551 et

104 1577 270 1639 conventui
291 1576 330 1640 da
353 1575 449 1639 Porta
472 1596 528 1660 pro
551 1595 608 1640 sex
629 1578 744 1640 marcis
765 1579 824 1640 rite
844 1583 875 1642 et
896 1577 1128 1643 racionabiliter
1148 1565 1287 1659 vendidi,
1307 1597 1404 1662 quam

104 1685 257 1729 summam
287 1665 434 1749 profiteor
464 1667 530 1731 mes
557 1669 739 1750 percepisse.
787 1667 826 1730 In
858 1670 952 1732 cuius
978 1670 1023 1731 rei
1051 1666 1245 1732 evidenciam
1269 1669 1315 1732 eis
1336 1687 1405 1750 pre·

103 1762 219 1820 sentem
247 1756 384 1821 litteram
412 1756 533 1822 contuli
562 1758 658 1840 sigilli
683 1759 745 1822 mei
774 1763 930 1822 caractere
950 1757 1138 1822 roboratam.
1180 1756 1299 1822 Datum
1320 1779 1405 1822 auno

103 1845 219 1910 domini
240 1856 288 1910 Μο
298 1857 379 1912 0000
401 1847 511 1931 prime,
532 1857 589 1913 IIII
610 1848 761 1912 kalendas
782 1850 930 1934 Augusti

164 1981 224 2037 ⁸in
242 1982 273 2038 D
344 1973 507 2054 bqnodque
527 1984 552 2036 Τ
619 1983 813 2053 ⁰cognornine
831 1985 899 2053 fehlt
917 1983 948 2037 D
1020 1973 1220 2038 dDirl'toalrte
1237 1985 1326 2054 selden
1340 1984 1408 2038 r'aT

100 2061 318 2119 ‘buntacherow
337 2063 366 2118 D
436 2053 507 2118 frne
524 2062 656 2136 profiteor
674 2063 703 2116 D

625 2255 873 2266 -.-...-.-.-.-.

98 2339 210 2422 1301.
240 2337 430 2422 ttlrtober
449 2340 510 2422 31.
733 2443 736 2452 Ι
1311 2339 1404 2424 359,

173 2483 345 2550 Feraria
370 2485 462 2567 oras
478 2506 537 2550 von
560 2473 771 2549 nataswau
792 2487 892 2564 aanor
913 2487 981 2550 aem
1003 2485 1132 2550 Ktoster
1155 2485 1264 2567 Para
1285 2485 1408 2566 ruore

134 2577 189 2638 urit
212 2580 235 2642 2
256 2576 362 2658 Hbsen
381 2577 418 2639 dn
440 2574 679 2640 Dietrr'clrsrodu
699 2595 753 2653 arr,
785 2577 838 2640 dle
857 2576 1029 2654 Heinrich,
1055 2574 1205 2642 uotam
1226 2575 1319 2654 soon,
1342 2576 1405 2639 idm

132 2665 336 2749 auspelussoa
356 2667 419 2730 bat.

245 2801 380 2862 fluam.-
400 2793 511 2858 rrrrb.
531 2803 561 2857 D
574 2793 644 2858 rash
664 2803 716 2870 (ru,
731 2800 971 2873 Ditnnchsrode).

246 2894 371 2950 Druclr:
389 2895 500 2963 Bdlrma
522 2895 758 2965 fortunaeque.
795 2896 932 2952 Deutrclt:
956 2897 1040 2966 Wolff
1055 2897 1098 2964 ΙΙ,
1117 2901 1177 2952 278.

174 3025 241 3090 Nos
267 3023 447 3088 Fridericus
475 3024 525 3086 dei
553 3025 660 3107 gracia
687 3043 793 3088 comes
818 3024 857 3088 de
877 3023 1073 3088 Rabiuswalt
1093 3025 1349 3107 recognoscimus
1369 3024 1404 3086 in

93 3115 142 3180 his
170 3117 310 3199 scriptia,
337 3114 422 3198 quod
450 3133 509 3178 nos
538 3135 641 3178 unum
664 3134 812 3180 mansum
839 3135 913 3179 cum
935 3114 1061 3178 duabus
1083 3116 1164 3179 areis
1187 3113 1247 3178 sibi
1268 3115 1404 3177 attinen-

93 3205 181 3270 tibus
201 3208 297 3270 situm
319 3207 354 3268 in
376 3225 456 3289 pago
478 3205 551 3268 ville
572 3203 782 3288 Ditersrode⁸‚
803 3212 866 3270 tres
885 3207 1022 3270 fertones
1044 3205 1107 3269 albi
1130 3206 1252 3287 argenti
1273 3210 1304 3269 ct
1324 3225 1403 3289 qua-

91 3303 168 3359 tuor
195 3295 298 3381 pullos
329 3295 465 3377 singulis
496 3297 589 3359 annis
621 3295 811 3377 solventem,
849 3298 1068 3380 resignacione
1098 3296 1186 3378 prius
1217 3294 1255 3357 ad
1288 3314 1403 3358 manus

93 3401 217 3451 nostras
248 3387 330 3450 facta
358 3385 397 3450 ab
427 3384 581 3450 Heinrico
608 3385 674 3449 filio
707 3385 844 3464 Gerlaci‚
873 3387 912 3450 de
942 3386 1027 3450 bona
1057 3393 1088 3450 et
1113 3386 1212 3450 libera
1240 3384 1403 3449 voluntate

91 3477 220 3541 domine
246 3475 400 3558 Elisabot,
430 3479 541 3541 trxoris
573 3481 694 3554 nosne,
733 3477 772 3540 ob
804 3479 983 3542 animarum
1014 3484 1195 3540 nostrarum
1225 3476 1401 3539 remedium

91 3568 269 3650 singulare,
296 3567 390 3632 deum
414 3569 514 3632 eciam
536 3588 591 3652 pro
613 3587 649 3631 eo
672 3567 764 3632 nobis
785 3570 851 3633 fore
872 3571 1048 3654 propicium
1072 3572 1249 3652 sperantes,
1273 3566 1402 3630 domino

88 3657 281 3722 Theoderico
308 3656 414 3721 abbati
442 3663 473 3721 et
499 3656 651 3722 iratribus
677 3661 710 3721 in
733 3657 827 3723 Porta
853 3661 1048 3724 contulimus
1068 3658 1286 3743 proprietatisb
1309 3656 1402 3720 titulo

89 3755 243 3831 perpetuo
273 3747 510 3833 possidendum.
560 3747 598 3811 In
633 3749 729 3812 huius
760 3751 807 3812 rei
840 3752 1026 3814 memoriam
1058 3751 1234 3832 presentem
1266 3747 1400 3810 litteram

88 3837 226 3922 desuper
256 3838 468 3920 conscriptam
498 3837 674 3920 sigillorum
703 3844 885 3902 nostrorum
912 3838 1158 3922 appensionibus
1179 3834 1333 3900 duximus
1352 3857 1402 3900 ro-

90 3927 276 3992 borandam.
317 3925 425 3990 Testes
446 3932 523 3991 sunt
542 3926 716 3992 Heinricus
736 3929 773 3992 de
792 3929 914 4007 Munre,
937 3928 1110 3993 Heinricus
1126 3927 1164 3990 de
1176 3925 1401 4008 Sangirhusen,

89 4016 290 4082 Wernberus
312 4019 351 4082 de
372 4016 584 4100 Sonidengen‚
609 4018 832 4099 Heydenricus
854 4020 957 4084 dictus
977 4019 1132 4097 Sohober‚
1153 4016 1339 4082 Harbordus
1362 4018 1401 4082 de

90 4107 243 4172 Gehoffen
266 4112 298 4172 et
319 4108 373 4171 alii
395 4127 490 4191 quam
512 4109 641 4192 plurimi
663 4109 725 4172 fide
746 4109 858 4194 dignit
902 4109 1020 4174 Datum
1037 4129 1121 4174 anno
1138 4109 1259 4172 domini
1279 4117 1401 4174 MCOO⁰

87 4200 201 4280 primo,
220 4201 256 4262 in
278 4197 387 4282 vigilia
408 4197 563 4264 Omnium
584 4205 774 4264 sanctorum.

117 4411 128 4464 ἶ
160 4331 402 4388 'ditterichsrode
420 4333 449 4388 D
506 4324 520 4362 b
536 4333 717 4404 proprietario
735 4333 765 4389 D
826 4335 1027 4390 ‘sommatore
1040 4335 1146 4406 Zcupon
1157 4334 1220 4389 sind
1238 4334 1268 4387 a'n
1287 4332 1316 4388 D
1334 4349 1400 4404 wep-

81 4427 214 4480 permen.

622 4562 872 4574 —........-.-.-.-—·--.
