3442 5148
309 353 343 409 36
700 347 930 407 llrlrundenbuclr
948 349 997 406 dea
1015 348 1140 408 Klintera
1161 351 1258 408 Piorte.

391 506 402 586 ll
425 506 463 569 In
491 506 618 568 nomine
645 504 774 567 domini.
802 505 916 567 Amen.
946 505 949 584 Ξ
985 503 1172 568 Lodewicus
1201 505 1251 568 dei
1284 506 1383 588 gratia
1415 503 1607 587 lantgravius

307 595 479 678 Thuringie
502 594 649 657 omnibus
666 592 781 656 Christi
802 592 954 656 fidelibus
974 595 1005 656 in
1028 600 1225 676 perpetuum.
1256 594 1391 658 Justicie
1413 594 1607 661 dictatratio.

308 691 343 749 ut
363 685 530 768 religiosos
552 702 695 765 quosque
717 689 749 746 et
770 683 955 765 temporalia
977 702 1087 746 eorum
1115 684 1258 748 subsidia
1276 693 1387 748 contra
1405 682 1606 767 inproborum

308 775 475 838 violentias
502 779 609 836 nostro
632 773 814 855 premunire
843 771 963 835 arrailio
990 792 1026 834 ao
1054 773 1220 837 defensare
1251 775 1389 857 presidio
1419 772 1607 838 studeamus.

309 865 402 929 Unde
430 868 540 927 uotum
568 881 637 925 esec
666 862 814 924 volumus
839 863 963 923 cunctis
990 869 1052 924 tarn
1081 864 1236 944 presentis
1265 863 1356 926 etatis
1384 881 1479 942 quam
1505 862 1607 923 lutura

308 955 499 1038 posteritatis
525 951 720 1028 hominibus,
747 951 830 1031 (lund
860 949 1050 1013 aurierabilis
1076 951 1173 1014 abbas
1200 951 1378 1015 Adeloldus
1404 951 1442 1014 de
1466 951 1560 1014 Porta
1580 957 1608 1010 et

306 1046 420 1108 fratres
446 1043 588 1107 eiusdem
615 1040 740 1104 cenobii
766 1045 911 1104 emerunt
935 1049 1047 1103 ΧνΙΙΙο
1074 1061 1201 1104 mansos
1229 1043 1305 1104 sitos
1326 1043 1358 1103 in
1382 1040 1457 1104 villa
1478 1048 1509 1103 et
1530 1059 1608 1123 pago

275 1203 282 1216 ‚
308 1133 517 1198 llertindoril
539 1151 613 1193 cunr
634 1131 724 1206 areis,
746 1130 838 1212 agria,
860 1131 995 1212 pascuis,
1018 1131 1140 1209 vinetis,
1162 1131 1300 1194 salicetis
1321 1137 1352 1194 et
1366 1141 1434 1194 Lx·
1448 1129 1609 1212 iugeribus

308 1225 517 1308 uirgultorum
540 1241 595 1284 scu
616 1220 826 1282 frutectorum
848 1219 898 1281 vel
921 1239 958 1281 co
981 1220 1116 1302 amplius
1137 1241 1197 1284 nec
1215 1240 1279 1284 non
1292 1222 1388 1284 etiam
1404 1221 1496 1301 aquis
1514 1238 1609 1299 aqua-

308 1333 442 1396 rumque
469 1309 656 1376 decursibus
684 1328 755 1371 cunr
783 1308 967 1371 molendino
985 1310 1018 1371 in
1040 1309 1141 1372 ilrrvio
1163 1311 1279 1374 Wetba
1300 1331 1318 1373 a
1338 1311 1519 1392 Thymena*
1542 1309 1610 1388 qui-

307 1404 378 1467 dem
411 1409 442 1466 et
474 1403 543 1465 eius
572 1397 743 1462 heredibus
774 1417 830 1480 pro
864 1399 1016 1460 13¹1le
1049 1401 1164 1462 marcis
1196 1407 1227 1462 et
1258 1421 1275 1463 a
1305 1400 1432 1464 duobus
1459 1399 1610 1462 fratribus

308 1493 415 1556 Vlrioo
437 1499 469 1554 et
489 1489 650 1552 Friden'co
678 1493 710 1550 et
735 1506 845 1550 eorum
874 1485 1046 1549 heredibus
1075 1489 1220 1552 similiter
1248 1510 1305 1574 pro
1326 1491 1474 1554 anflau·
1496 1488 1610 1552 marcis¹

306 1591 338 1646 ct
360 1601 378 1644 a
399 1579 561 1644 Gerhardo
588 1585 620 1641 et
651 1578 720 1640 eius
745 1576 916 1640 heredibus
942 1597 997 1659 pro
1025 1587 1240 1642 lnxxtssll‘t
1260 1581 1376 1643 marcis
1397 1580 1534 1662 argenti,
1558 1579 1609 1659 qui
1708 1592 1709 1660 j

306 1673 427 1755 prefata
455 1669 590 1752 pecunia
615 1667 754 1730 eisdem'³
787 1666 982 1750 integraliter
1009 1667 1168 1748 persoluta
1199 1669 1358 1751 predictos
1388 1689 1516 1732 mansos
1537 1687 1610 1731 cunr

307 1760 454 1823 omnibus
493 1777 589 1841 supra
627 1755 720 1819 dictis
756 1761 787 1817 et
822 1755 970 1818 cornibus
1003 1775 1111 1819 eorum
1145 1758 1319 1822 attinentiis
1349 1759 1612 1822 contradiderunt

307 1851 411 1913 abbati
442 1857 473 1911 et
499 1845 651 1910 iratribus
677 1845 803 1908 cenobii
825 1846 992 1908 memorati
1017 1847 1086 1908 iure
1107 1849 1315 1929 proprietario
1336 1853 1489 1932 perpetuo
1511 1848 1613 1932 possi-

306 1939 443 2016 dendos,
473 1937 691 2001 renuntiantes
719 1954 824 1998 coram
856 1934 947 1997 uirbis
974 1936 1060 1998 omni
1080 1937 1156 2012 iuri,
1176 1937 1316 2001 dominio
1339 1947 1370 2001 et
1390 1937 1527 2016 utilitati,
1551 1957 1612 2018 que
1702 1994 1706 2013 ,

305 2031 383 2113 ipsis
403 2030 435 2091 in
462 2027 582 2090 eisdem
609 2026 762 2088 hactenus
788 2024 1012 2108 conpetebant,
1033 2026 1093 2088 huc
1115 2027 1181 2089 solo
1203 2034 1351 2111 excepte,
1374 2029 1459 2110 quod
1481 2027 1613 2090 'Vlrimu
1705 2021 1706 2055 ³

306 2120 446 2203 prelatus
477 2119 509 2179 in
542 2116 609 2180 solo
644 2115 825 2178 molendino
855 2115 987 2177 retinuit
1018 2115 1077 2176 sibi
1108 2125 1139 2178 et
1166 2118 1336 2181 heredibus
1360 2120 1427 2182 suis
1450 2117 1612 2200 quandam

307 2228 445 2272 annuam
478 2207 663 2290 portionem.
713 2205 761 2267 Ne
794 2205 891 2286 igitur
922 2205 1099 2287 predictum
1131 2206 1299 2269 cenobium
1332 2227 1388 2290 per
1420 2207 1612 2288 cuiusquam

308 2299 464 2361 maliciam
492 2315 587 2378 super
613 2301 677 2357 tarn
704 2291 933 2356 rationabiliter
956 2296 1155 2376 pertractatis
1184 2296 1364 2377 aliqualiter
1388 2298 1423 2359 in
1449 2303 1613 2380 posterum

307 2387 505 2460 molestetur,
535 2384 572 2446 ad
606 2383 790 2466 petitionem
824 2383 990 2463 utriusque
1022 2385 1119 2465 parb's
1147 2391 1325 2467 presentem
1357 2388 1504 2469 paginam
1536 2387 1613 2450 inde

306 2476 518 2556 conscriptam
539 2472 635 2556 sigilli
656 2473 755 2534 nostri
777 2473 972 2554 adpensione
985 2479 1017 2534 et
1027 2473 1225 2552 ¹idoneorum
1238 2476 1367 2538 testium
1378 2476 1614 2560 subscriptione
1709 2501 1710 2524 1

306 2565 457 2629 iussimus
478 2563 677 2632 ,conmuniri
735 2562 842 2624 Testes
880 2567 955 2624 sunt
985 2561 1165 2625 Fridericus
1197 2569 1228 2626 et
1260 2563 1466 2628 Hermannus
1496 2567 1614 2630 fratrea

306 2654 419 2728 nostri,
445 2671 551 2714 comes
580 2651 752 2714 Heinricus
778 2651 817 2713 de
847 2649 950 2728 Buca,
980 2651 1185 2714 (lodeboldus
1208 2653 1437 2736 burchgravius
1459 2655 1497 2718 de
1518 2655 1615 2718 Nero

306 2749 424 2818 castro,
451 2741 681 2803 Cunemuudus
703 2741 741 2802 de
768 2740 887 2804 Varila.
908 2739 1066 2802 Rudolfus
1086 2742 1252 2824 pincerna,
1274 2745 1458 2808 Guntherus
1480 2744 1615 2828 dapifer,

306 2833 478 2896 Heinricus
505 2829 733 2901 marschalcus,
764 2829 969 2890 Hermannus
996 2832 1201 2910 camerarius,
1222 2831 1428 2897 Hermannus
1449 2840 1481 2896 et
1501 2833 1615 2898 ibide·
1710 2823 1711 2834 ¹

307 2925 391 2985 rictas
418 2921 531 2983 tratres
560 2920 599 2982 (le
628 2918 740 2981 Saleke
767 2917 876 2980 etalii
903 2917 1003 2980 multi.
1037 2920 1118 2982 Acta
1140 2929 1214 2982 saint
1234 2921 1266 2983 in
1289 2923 1416 2986 civitate
1433 2923 1615 3006 Nuenburg

306 3031 390 3074 anno
419 3008 647 3072 incarnationis
681 3007 838 3070 dominice
866 3016 1144 3078 M⁰t¹⁰erXVlHt
1175 3009 1349 3074 indictione
1377 3021 1446 3090 XF,
1474 3023 1515 3074 V⁰
1538 3003 1615 3076 idus

306 3101 412 3178 Junii,
433 3100 607 3181 imperante
629 3097 757 3160 domino
780 3096 940 3159 llriden'co
970 3097 1157 3180 imperatore
1186 3099 1413 3180 gloriosissimo
1443 3109 1475 3163 ct
1505 3102 1614 3164 [Itone

307 3190 446 3252 secundo
478 3187 655 3268 Nuenburg
685 3187 841 3249 existente
863 3203 1030 3268 epyscopo.

377 3302 538 3373 ²lemone
609 3295 622 3331 l
640 3301 888 3372 “cladem'‘pecunia

380 3403 389 3441 ¹
409 3403 580 3470 Merteadors
592 3411 621 3457 so*
647 3403 817 3470 Naronlnaro.
836 3421 861 3456 a.
874 3403 899 3455 d.
921 3401 1041 3460 Warthan.

310 3633 414 3716 naa
1547 3633 1612 3716 21.

394 3767 498 3834 uara
518 3766 655 3849 Bisdrof
668 3787 727 3830 oon
747 3765 951 3829 Holberstadt
975 3764 1099 3828 scbenlrt
1124 3765 1183 3827 den
1209 3785 1275 3828 com
1303 3765 1428 3846 Grafea
1456 3765 1616 3832 Heinrich

346 3879 404 3923 von
424 3857 518 3921 Buca
542 3856 781 3940 auspelaaseaea
803 3855 939 3919 Moatra
959 3873 1018 3916 von
1039 3859 1134 3916 ea'nem
1155 3853 1316 3936 Weiaberp
1331 3876 1363 3918 a.
1375 3877 1397 3920 s.
1409 3877 1445 3921 w.
1468 3857 1502 3919 in
1518 3856 1616 3922 Odes-

344 3947 433 4030 sorde
453 3947 508 4010 dar
528 3947 668 4026 dortipca
689 3945 812 4009 Kirrbe.

456 4063 587 4118 Hdaclrrs
605 4065 634 4117 D
645 4069 678 4118 15
696 4063 747 4130 (aa
758 4061 929 4128 Odesforde).

458 4169 582 4223 muca.-
615 4168 747 4234 Scbnu'dt,
783 4165 840 4222 UB.
864 4167 909 4220 dea
941 4165 1092 4233 Hccbatr'fia
1116 4165 1290 4220 Hulberatudt
1308 4167 1339 4232 I,
1364 4169 1425 4223 256.
1472 4165 1616 4220 Detctacla:

512 4249 595 4316 Wolff
610 4248 634 4314 I,
654 4251 711 4304 159.
737 4247 793 4316 Vqr.
804 4245 865 4300 uod.
876 4245 941 4313 dipl
953 4244 1101 4308 Amaras,
1121 4247 1179 4301 424.

383 4356 421 4419 In
448 4356 577 4418 nomine
598 4359 706 4417 sancte
732 4362 764 4416 et
789 4352 954 4415 individue
980 4351 1138 4413 trinitatis.
1191 4349 1316 4413 Vlricus
1348 4351 1398 4414 dei
1422 4352 1524 4434 gratia
1544 4353 1616 4434 cpi·

305 4465 419 4526 scopus
442 4446 474 4506 in
489 4445 681 4508 Haluerstat.
720 4443 886 4507 U'nirersis
897 4441 1013 4504 Christi
1034 4438 1183 4502 fidelibus
1205 4445 1267 4501 tani
1289 4439 1490 4522 presentibus
1512 4459 1612 4521 quarn

304 4534 419 4596 tuturis
442 4539 552 4595 notum
576 4553 645 4596 esee
668 4532 825 4601 volumus,
844 4530 929 4613 quod
941 4529 1113 4593 Heinricus
1127 4547 1234 4592 comos
1250 4530 1289 4592 do
1301 4529 1390 4593 Buch
1405 4530 1437 4590 in
1451 4528 1614 4593 beneficio
