3392 5150
331 355 384 416 276
701 359 933 416 Urlnundeubuch
951 362 999 416 des
1017 357 1143 416 Klosters
1161 357 1263 417 Pfonte.

405 511 472 576 Nos
498 512 680 576 Frideu'cus
706 513 758 577 dei
784 513 886 596 gratia
913 531 1020 577 comes
1042 513 1081 578 de
1102 513 1307 578 Rabenswalt
1329 514 1478 578 omnibus
1499 533 1612 598 presens

326 603 477 686 scripturn
504 603 621 665 visuris
646 603 679 664 in
706 610 904 686 perpetuum.
944 603 1146 686 Temporales
1174 623 1341 668 successus
1369 611 1458 686 gesta
1483 604 1610 666 fidelium

325 692 499 774 perimunt,
527 692 553 754 si
575 690 714 753 stabilita
736 711 799 754 non
825 691 945 754 fuerint
964 693 1045 755 serie
1066 691 1252 756 litterarum.
1295 691 1363 767 Qua
1385 699 1513 774 propter
1533 711 1611 754 norc-

325 782 390 844 rint
419 781 561 844 universi
583 779 698 843 Christi
719 781 847 860 iideleS,
870 780 963 862 quod,
984 800 1056 844 cum
1080 781 1229 844 dominus
1252 780 1324 844 Otto
1344 781 1438 844 miles
1459 781 1498 844 de
1520 782 1612 844 Gusta-

326 872 396 932 nicz
417 877 449 934 et
469 871 726 952 consanguineus
748 890 825 933 suus
846 869 1039 948 lbidern'cus,
1067 871 1181 933 fratres
1206 871 1320 932 etiam¹¹
1341 869 1474 951 predicti
1497 870 1527 933 ll.
1546 869 1612 933 Her·

326 979 463 1023 mannus
483 967 516 1022 et
536 959 703 1022 Corradus
725 960 801 1022 dicti
822 961 860 1022 de
883 961 1062 1024 Balchstete
1088 960 1129 1022 ob
1157 959 1310 1041 quosdam
1333 961 1478 1022 sinistros
1497 966 1613 1022 eventus

326 1051 365 1112 ad
388 1050 625 1113 distractionem
647 1069 753 1112 rerurn
776 1069 906 1112 suarum
927 1057 1126 1132 cogerentur,
1148 1050 1277 1113 domino
1293 1049 1398 1112 abbati
1415 1048 1611 1112 etconvenui

326 1140 509 1203 monasterii
532 1139 571 1201 de
592 1138 687 1201 Porta
708 1140 930 1222 proprietatem
953 1139 1127 1220 quandam,
1153 1140 1300 1202 mansum
1318 1138 1467 1202 videlicet
1486 1145 1517 1201 et
1538 1138 1613 1200 dimi-

326 1231 413 1293 dium
436 1249 510 1292 cum
532 1230 666 1311 pascuis,
687 1230 776 1292 silvis
797 1235 829 1292 et
848 1231 931 1292 areis
952 1229 991 1292 ad
1013 1230 1114 1312 ipsam
1135 1229 1376 1311 pertinentibus,
1397 1229 1431 1290 in
1452 1247 1533 1311 pago
1552 1227 1613 1289 ville

327 1319 471 1383 Zebelrvr
501 1318 715 1382 vendiderunt
748 1337 803 1400 pro
833 1319 1014 1399 quindecim
1042 1320 1159 1381 marcis
1190 1320 1313 1401 argenti
1344 1316 1404 1380 sibi
1436 1317 1616 1399 integraliter

326 1410 504 1494 persolutis.
548 1409 669 1471 Verum
693 1427 734 1471 ne
757 1408 910 1471 Portense
931 1409 1160 1470 monasterium
1182 1416 1214 1471 et
1234 1408 1347 1472 tratres
1367 1407 1447 1470 inibi
1469 1406 1614 1472 constituti

325 1500 538 1583 calumpniam
567 1498 606 1561 ab
634 1498 742 1586 aliquo
770 1504 825 1561 aut
849 1499 1086 1580 impeticionem
1107 1498 1141 1559 in
1162 1505 1325 1580 posterum
1346 1499 1553 1571 sustinerent,
1572 1495 1617 1558 sed

326 1594 409 1652 esset
434 1589 529 1650 firme
558 1586 711 1665 uenditi0,
735 1587 894 1669 predictus
916 1587 1064 1650 dominus
1086 1585 1159 1648 Otto
1181 1594 1212 1648 et
1233 1585 1414 1650 Fridcricus
1436 1605 1510 1649 cum
1530 1584 1616 1648 omni·

326 1679 386 1741 bus
415 1678 599 1757 heredibus,
625 1678 742 1739 fratres
762 1678 857 1739 etiam
879 1678 929 1739 sni
949 1675 1174 1739 Hermannusb
1196 1682 1227 1738 et
1249 1675 1416 1739 Comedus
1436 1695 1510 1739 cum
1530 1675 1618 1738 omni

326 1769 386 1832 bus
414 1769 584 1832 heredibus
616 1769 682 1830 suis
714 1785 750 1828 ac
785 1765 927 1828 universi
958 1765 1204 1848 consanguinei,
1245 1767 1300 1846 qui
1328 1765 1387 1828 sibi
1419 1767 1471 1828 ius
1502 1762 1617 1844 aliquod

325 1859 496 1922 vendicare
521 1863 667 1942 poterant
694 1857 727 1918 in
754 1855 845 1918 bonis
872 1854 1037 1938 predictis,
1063 1855 1213 1918 videlicet
1237 1855 1444 1918 Hermannus
1473 1854 1512 1918 da
1538 1852 1618 1917 Nunc

326 1955 443 2025 castro,
471 1949 576 2010 dictus
606 1952 638 2009 et
669 1947 737 2028 ipse
764 1945 803 2008 de
824 1944 1038 2018 Balchstete,1
1068 1949 1201 2026 patruus
1229 1963 1355 2020 eorum,
1381 1964 1455 2007 cum
1484 1941 1620 2006 omnibus

328 2037 512 2113 heredibus,
554 2036 727 2100 Heinricus
759 2036 854 2098 etiam
885 2041 917 2096 et
945 2032 1129 2096 Fridericus
1158 2033 1234 2096 dicti
1267 2035 1307 2097 de
1337 2032 1561 2105 Bretinbuch⁶,
1591 2031 1618 2092 in

325 2127 490 2212 plebiscito
524 2125 702 2190 Luchonre‘1
738 2143 844 2187 coram
876 2122 1030 2188 advocato
1064 2130 1172 2186 nostro
1204 2123 1389 2188 Hermanno
1420 2126 1621 2205 cognomento

329 2217 433 2296 Pcux,
465 2217 519 2298 qui
544 2215 661 2278 ibidem
688 2214 828 2298 presedit
851 2213 965 2276 iuditio
994 2215 1063 2274 vice
1090 2218 1210 2292 nostra,
1246 2215 1490 2295 resignaverunt
1519 2211 1620 2274 eadem

327 2305 423 2384 bona,
452 2305 678 2368 transferentes
700 2313 732 2366 et
752 2303 1030 2366 transfundentcs⁰
1056 2321 1150 2365 omne
1173 2304 1224 2365 ins
1252 2310 1284 2364 et
1309 2303 1417 2366 omner
1445 2301 1623 2365 dominium.

328 2398 550 2480 proprietatem
573 2401 605 2457 et
624 2393 792 2457 utilitatem
814 2393 846 2455 in
861 2392 1014 2455 Portense
1035 2392 1263 2474 monasterium
1285 2399 1317 2454 et
1338 2397 1530 2454 conventum
1553 2387 1623 2451 inibi

327 2487 544 2563 constitutum,
555 2483 643 2546 nullo
655 2484 733 2560 iure,
745 2482 894 2558 dominic,
905 2481 1095 2564 proprietate
1105 2481 1154 2543 vel
1166 2483 1332 2543 occasione
1348 2481 1427 2544 iuris
1437 2479 1497 2544 sibi
1513 2481 1546 2542 in
1563 2497 1625 2560 pre-

322 2577 420 2638 dictis
450 2575 542 2638 bonis
567 2580 599 2637 et
625 2573 664 2635 ad
691 2591 728 2635 ea
753 2571 985 2656 pertinentibus
1012 2569 1250 2651 quomodolibet
1270 2576 1441 2633 reservato.
1484 2569 1625 2632 Pretenea

330 2665 522 2742 Fridericus,
550 2663 755 2727 Hermunnus
770 2667 815 2724 ct
843 2660 1008 2724 Conradus
1037 2661 1076 2724 de
1098 2660 1300 2724 Balchstetel
1322 2660 1468 2742 predicti,
1489 2658 1530 2720 ad
1554 2675 1627 2740 quus

328 2756 440 2818 cadem
451 2755 534 2817 bona
545 2753 724 2836 specialiter
734 2751 912 2834 pertinereh
926 2749 1126 2826 videbantur,
1146 2768 1241 2832 super
1252 2749 1419 2812 evictionis
1430 2755 1462 2811 et
1473 2745 1627 2828 warangic

328 2844 529 2908 carntionibus
551 2843 691 2905 omniurn
715 2842 915 2904 venditorum
939 2845 970 2902 et
992 2840 1253 2903 contraditorumi
1276 2838 1630 2901 secundumterrecou·

329 2934 530 2999 suetudinem
557 2934 720 3013 antiquam
750 2937 781 2994 et
808 2931 960 2993 hactenus
988 2929 1185 2992 observatam
1209 2949 1242 2991 se
1262 2929 1328 2990 fide
1349 2927 1480 3010 prestita
1498 2927 1631 2989 firmiter

329 3025 551 3107 obligaverunt
581 3022 753 3084 offerentes
779 3019 955 3082 ¹¹iratribus
993 3020 1025 3080 in
1060 3019 1156 3081 Porta
1185 3017 1361 3080 litterarum
1394 3035 1527 3078 suarum
1563 3031 1631 3078 cum

328 3114 421 3196 sigilli
452 3112 565 3175 robore
594 3111 782 3174 canntionenn.
826 3109 1011 3190 Resignavit
1039 3109 1134 3170 etiam
1162 3109 1193 3169 iu
1217 3106 1328 3169 eodem
1349 3104 1518 3188 plebiscito
1541 3105 1575 3167 Τ.
1597 3103 1632 3164 de

329 3204 509 3268 Balchstete
541 3220 615 3282 sepe
646 3200 762 3262 dictansl
794 3209 858 3262 tres
888 3217 1015 3259 mansos
1046 3195 1187 3260 feodales
1213 3198 1290 3258 sitos
1314 3196 1345 3256 in
1373 3193 1525 3271 Mellern,
1557 3191 1632 3276 qui·

330 3293 509 3378 specialiter
530 3291 570 3352 ad
591 3291 693 3372 ipsum
717 3289 925 3373 pertinebant,
947 3287 1106 3370 persoluta
1127 3285 1187 3347 sibi
1209 3305 1334 3348 sununna
1356 3286 1498 3365 utrinqne
1514 3301 1634 3346 marca-

330 3403 399 3447 rum
428 3387 461 3445 et
487 3380 620 3443 dimidia
644 3398 662 3440 a
691 3380 839 3462 predictis
860 3377 1011 3439 fratribus
1033 3375 1072 3438 de
1093 3375 1189 3438 Porta
1210 3393 1247 3437 eo
1266 3373 1378 3442 modo,
1402 3391 1465 3453 quc
1487 3373 1635 3456 superius

329 3479 377 3536 est
400 3488 597 3554 expressum.
639 3467 720 3531 Sane
747 3474 782 3530 ut
807 3469 961 3551 premissa
989 3467 1094 3529 omnia
1115 3471 1268 3548 perpetua
1288 3463 1438 3526 firmitate
1461 3463 1637 3525 consistant

329 3581 441 3628 secura
465 3565 576 3624 contra
604 3557 772 3621 oblivionis
790 3558 1041 3636 incommodum,
1063 3563 1239 3640 presentem
1262 3553 1399 3615 litteram
1422 3551 1544 3615 abinde
1567 3569 1636 3614 con·

329 3653 476 3734 scriptam
499 3655 531 3711 et
553 3648 655 3730 sigillo
677 3654 785 3710 numtro
807 3649 960 3709 munitam
982 3645 1176 3708 conitulimus
1196 3643 1348 3705 iratribus
1361 3643 1393 3704 iu
1410 3641 1510 3704 Porta
1534 3643 1638 3723 sepius

320 3741 520 3804 ,nnennoratis
576 3739 658 3800 Acta
691 3746 767 3799 sunt
798 3739 855 3799 lncc
887 3756 970 3798 anno
1003 3735 1124 3798 domini
1158 3739 1506 3808 nl⁰nn'¹*l,xxx⁰vll⁰,
1541 3730 1638 3813 pridie

325 3851 430 3904 ,nonas
450 3819 651 3906 ¹N'onenbnis,⁴
676 3827 875 3909 presentibus
903 3817 989 3903 biisss,
1019 3844 1154 3905 quorum
1182 3824 1310 3904 nourinu
1339 3829 1413 3884 sunt
1441 3819 1638 3903 subscripta:

330 3920 499 3984 lleliradus
522 3923 554 3980 et
573 3918 671 3979 frater
692 3916 993 3978 snusTlneodericus
1006 3915 1043 3976 dc
1056 3913 1198 3990 Hesclcn,
1224 3910 1429 3974 Elrlrelnundus
1444 3909 1484 3972 de
1503 3908 1641 3972 Heselen

329 4009 460 4079 milites,
486 4008 659 4070 Heinricus
687 4007 725 4068 de
758 4005 914 4070 liuclnou'e
937 4006 1040 4066 dictus
1065 4003 1216 4080 llussuc0,
1244 4001 1416 4064 Heinnicus
1444 3997 1541 4061 iilius
1562 3998 1641 4064 Her-

331 4099 440 4162 uranni
461 4097 500 4160 de
522 4095 865 4175 Rulicu,Hc1·mannus
887 4096 925 4157 de
948 4092 1109 4156 Rcinstorf
1128 4101 1159 4154 ct
1180 4091 1232 4153 ulii
1257 4109 1352 4170 unianm
1377 4088 1499 4170 plures·

399 4223 451 4276 aet
467 4221 491 4274 T
558 4211 570 4249 ι’
588 4211 738 4274 Bituricus
756 4222 804 4273 mit
823 4219 1058 4288 auspeslrielneucm
1076 4217 1205 4272 ainricus.
1223 4233 1267 4268 urna
1288 4213 1384 4269 luade
1405 4215 1451 4268 lirin
1477 4215 1535 4270 mit
1558 4215 1645 4269 ruber

330 4303 417 4356 Furbe
435 4302 464 4356 D
521 4296 774 4354 ebreiteubucln'i'
815 4299 1017 4354 dloohowet
1057 4293 1361 4350 ‘'transfundentesd'
1404 4286 1517 4348 ‘omne
1537 4295 1607 4362 scidi
1626 4291 1647 4343 Τ

329 4381 549 4436 ‘Walchstethe
570 4382 593 4434 Τ
659 4381 827 4450 lpertinere
845 4377 999 4450 specialiter
1020 4378 1044 4430 Τ
1111 4369 1350 4430 'connaucorum
1370 4373 1398 4426 D
1471 4363 1645 4446 'predictis

329 4463 463 4518 fratribus
483 4463 508 4516 Τ
576 4455 797 4532 ¹sepedictosT
865 4459 1002 4530 ¹1¹queT
1070 4458 1082 4484 '¹
1101 4457 1140 4511 eis
1162 4457 1185 4508 Τ
1252 4457 1264 4484 ⁰
1293 4452 1436 4508 MusucT

403 4569 411 4606 ¹
431 4569 482 4624 Bei
498 4569 556 4621 dem
574 4585 656 4638 crepon
675 4568 923 4634 ersnnmmenbonpc
944 4564 991 4616 den·
1014 4561 1147 4617 Urlrundc
1160 4563 1208 4615 mit
1225 4559 1277 4614 ‹un
1295 4559 1386 4615 toan
1404 4557 1640 4630 norloerqaaaemen
