3390 5148
493 407 542 465 Nr.
552 407 700 464 eet-aee.
721 407 902 463 lere-rete.
1301 406 1353 462 259

64 555 156 639 1276.
184 556 303 638 libra
331 557 392 640 16.
420 556 718 660 Respenburg.
1260 556 1352 644 255.

129 692 236 758 Alteri
265 693 357 774 Graf
375 713 434 758 oon
460 691 670 758 mammam
694 693 846 758 habundet
871 693 922 756 die
950 695 1116 774 Asteropes
1146 695 1202 758 der
1228 693 1352 776 Zaepeu

94 783 124 844 iu
150 783 250 847 einen
278 781 371 847 &rell
396 783 545 848 awisdren
570 782 638 846 deva
662 781 784 846 chrater
805 784 911 864 Pforte
935 783 1005 846 uod
1024 782 1092 847 derra
1118 783 1278 848 Voreteber
1298 785 1354 850 der

95 871 223 954 Kopelle
244 875 278 937 in
299 871 503 955 Rudersdorf
519 871 592 937 tter
613 873 681 936 eine
700 871 791 953 Hufe
809 873 846 936 iu
868 871 937 936 dem
958 871 1058 955 Dorso
1078 873 1202 939 Emesa.

198 1010 332 1066 Edeba:
349 1010 380 1065 D
397 1003 452 1066 49⁶
469 1011 641 1080 (titExtra).
673 1011 771 1067 TW.

198 1115 321 1172 Dtuoke:
340 1117 449 1184 Reum,
472 1115 648 1186 Todtbcilurtp
665 1121 706 1171 63.
743 1116 880 1172 Deretecb:
906 1116 990 1184 Wolff
1005 1116 1048 1183 II,
1068 1121 1125 1172 198.

129 1245 194 1310 Nos
216 1244 368 1310 Albertus
390 1245 441 1308 dei
462 1245 564 1327 gratia
583 1263 691 1309 comes
712 1244 751 1307 de
772 1242 968 1308 Rabinswalt
996 1250 1106 1308 notum
1126 1245 1262 1310 facimus
1284 1251 1354 1313 uni·

61 1337 148 1399 versis
180 1335 296 1398 Christi
334 1334 486 1398 fidelibus
516 1334 657 1398 fideliter
689 1338 911 1416 protestantes,
948 1335 1032 1414 quod
1064 1334 1279 1402 Heidenricus
1315 1340 1354 1403 de

61 1424 163 1488 llibere
189 1445 210 1487 a
234 1425 326 1488 nobis
352 1425 538 1506 requisitus,
565 1424 640 1505 quid
670 1423 730 1486 sibi
758 1429 918 1487 constaret
939 1423 978 1486 de
997 1443 1108 1503 carrea,
1136 1445 1198 1507 que
1222 1431 1355 1493 vertitur

59 1515 130 1578 iuter
157 1515 305 1578 abbatem
332 1522 364 1578 et
390 1519 583 1578 conventum
605 1513 791 1578 Portensem
814 1531 855 1576 ex
879 1532 942 1575 una
963 1521 995 1576 et
1015 1513 1178 1578 dominum
1202 1516 1353 1582 Sitridum

59 1613 203 1669 rectorem
231 1603 352 1687 capelle
377 1604 409 1666 iu
438 1601 637 1667 Rudersdort
665 1621 706 1666 err
733 1609 821 1686 parte
843 1603 942 1668 altera
966 1621 1062 1686 super
1082 1606 1221 1685 quodam
1244 1628 1353 1673 manso

58 1695 109 1758 sito
137 1695 171 1758 iu
200 1693 276 1757 villa
302 1693 428 1772 limoso,
457 1693 502 1756 sie
524 1692 702 1776 respondit,
723 1692 909 1774 quodcum
932 1693 1007 1756 olim
1028 1694 1146 1758 iudicio
1167 1699 1353 1779 provinciali

58 1785 224 1864 presideret
244 1785 314 1848 vice
336 1784 451 1862 nostri,
472 1783 646 1846 secundum
668 1801 789 1846 morem
811 1787 893 1846 terre
914 1781 1032 1846 iudicio
1055 1786 1287 1850 sententialiter
1306 1790 1356 1852 in-

57 1882 188 1938 serrato
210 1875 336 1938 venisse
354 1873 518 1936 dominum
535 1872 722 1938 Bertoldum
744 1879 820 1936 tunc
842 1877 995 1936 rectorem
1018 1873 1139 1954 capelle
1156 1874 1356 1941 Rudersdorl

57 1971 83 2024 et
100 1964 285 2028 Bertoldum
316 1963 355 2026 de
383 1963 526 2028 Hewetal
558 1970 590 2024 et
616 1981 722 2024 coram
749 1980 787 2025 eo
809 1980 956 2026 mansum
982 1962 1046 2024 iam
1067 1961 1188 2027 dietum
1208 1965 1352 2030 Portensi

57 2055 240 2118 nronasterio
262 2074 318 2136 pro
340 2054 518 2116 animarum
540 2071 669 2116 suarum
692 2049 832 2114 remedio
854 2051 1035 2130 contulisse,
1056 2070 1119 2134 quo
1140 2054 1223 2118 laeto
1241 2056 1355 2120 iratres

58 2143 233 2217 l’ortenses,
262 2145 317 2226 qui
344 2161 490 2207 mansum
517 2140 673 2225 prefatum
700 2141 769 2203 vice
794 2147 826 2204 et
845 2140 975 2204 nomine
999 2142 1049 2204 sui
1070 2145 1262 2208 monasterio
1285 2165 1354 2209 sus·

56 2240 212 2318 ceperant,
241 2233 379 2296 eundem
407 2233 439 2294 in
466 2232 641 2294 continenti
671 2229 890 2313 prenominato
918 2229 1047 2293 domino
1067 2231 1220 2298 Bertoldo
1239 2238 1354 2299 rectori

55 2324 167 2407 capelle
189 2327 354 2407 pretaxate
375 2323 412 2384 ed
439 2322 503 2385 rite
524 2341 580 2384 sue
602 2326 744 2402 tempora
766 2325 1001 2396 concesserunt
1023 2321 1195 2402 sictamem
1218 2327 1355 2389 utannis

55 2414 190 2497 singolis,
213 2431 276 2495 quo
298 2412 489 2481 adviveret,
511 2411 575 2472 duo
599 2406 717 2472 talenta
738 2427 810 2472 cere
829 2428 887 2490 pro
909 2411 1110 2492 proprietatis
1130 2415 1353 2495 recognicione

54 2503 244 2583 persolveret
265 2502 410 2565 Portensi
428 2499 619 2563 monasterio
641 2504 825 2561 memorato.
867 2497 1058 2562 Ludewious
1078 2501 1182 2582 etiem,
1204 2504 1259 2584 qui
1278 2510 1354 2568 tune

56 2593 194 2672 preconis
214 2591 322 2654 officio
343 2588 549 2674 fungebatur,
578 2608 595 2649 u
617 2585 709 2650 nobie
731 2586 877 2650 similiter
898 2589 1071 2668 requisitus
1089 2593 1274 2674 recognovit
1292 2593 1355 2658 lrec

54 2684 168 2758 brunia,
200 2683 283 2744 sicut
316 2680 463 2763 superius
491 2686 566 2740 suut
597 2695 755 2759 expressa.
798 2675 935 2760 Insuper
965 2677 1092 2752 adiecit,
1124 2680 1209 2761 quod
1240 2681 1355 2746 fratres

56 2771 218 2836 Fortenses
240 2789 315 2852 sepe
338 2769 439 2832 dictos
461 2769 493 2830 in
515 2766 713 2849 corporalem
735 2766 968 2848 possessionem
985 2769 1088 2830 mansi
1103 2769 1268 2836 induxerit
1280 2791 1354 2856 sepe

54 2861 154 2936 dietih,
184 2868 217 2924 et
248 2859 333 2940 quod
366 2858 459 2921 datus
490 2857 586 2922 luerit
618 2856 658 2919 H.
686 2875 781 2940 supra
809 2855 892 2918 dioto
918 2855 1018 2920 iudici
1040 2864 1071 2920 et
1091 2860 1195 2924 eidem
1217 2859 1250 2924 L
1272 2863 1353 2926 terto

54 2952 184 3032 argenti,
219 2950 275 3031 qui
301 2948 422 3012 eisdem
447 2967 505 3030 pro
532 2967 590 3009 suo
619 2947 687 3009 iure
715 2944 915 3008 debebatur.
967 2945 1037 3010 Hee
1068 2948 1175 3010 omnia
1202 2951 1353 3032 premissa

54 3049 239 3121 protestatus
261 3044 309 3102 est
329 3038 424 3102 etiam
446 3037 595 3099 dominus
615 3035 828 3098 Theodericus
855 3034 894 3098 de
915 3034 1031 3100 [esban
1053 3037 1159 3116 miles,
1180 3058 1237 3120 per
1257 3039 1355 3103 Tbeo-

53 3129 190 3193 «lerinum
217 3128 256 3192 de
286 3127 461 3190 Gozirstcte
484 3133 626 3190 nostrum
654 3125 793 3188 iudicem
820 3124 889 3186 rice
917 3125 1016 3188 nostri
1044 3132 1074 3190 et
1101 3127 1229 3190 nomine
1249 3130 1355 3210 requi-

53 3220 139 3294 situs,
168 3220 236 3302 ipso
259 3219 404 3300 presente
426 3216 458 3278 in
481 3221 590 3277 nostru
611 3212 817 3296 provinciali*¹
838 3212 953 3296 placito
976 3213 1154 3298 contigisse.
1196 3215 1356 3282 Proteste-

41 3311 166 3373 -tiones0
194 3314 303 3372 autem
328 3305 449 3390 prefate
477 3305 516 3368 Η.
544 3305 583 3368 de
610 3302 727 3367 Bibere
753 3309 785 3366 et
808 3301 842 3365 L.
864 3304 1012 3384 preconis
1036 3305 1251 3387 predictorum
1272 3307 1355 3372 facte

52 3405 121 3461 sunt
145 3396 352 3480 Respenberc
378 3415 486 3458 coram
513 3393 606 3457 nobis
632 3412 715 3456 anno
743 3391 864 3454 domini
890 3392 1188 3474 M⁰ce⁰Lxx⁰v1⁰,
1215 3397 1357 3460 secunde

51 3489 124 3550 feria
145 3494 217 3572 post
235 3484 358 3566 letare,
377 3485 411 3547 in
432 3484 592 3569 presentia
613 3502 733 3562 eorum,
755 3500 892 3564 quorum
914 3482 1044 3544 nomina
1064 3489 1139 3546 sunt
1159 3483 1232 3548 hee:
1256 3485 1357 3550 dorni-

52 3595 107 3641 uus
132 3577 295 3640 Iohannes
319 3573 475 3660 plebanus
501 3573 533 3636 in
562 3571 770 3650 Emeleiben‘‚
799 3570 877 3650 Tylo
899 3570 938 3634 de
959 3570 1158 3652 Holzbusen‚
1183 3573 1356 3638 Heinrieus

51 3668 201 3730 uuumsac
223 3663 416 3730 castellanus
436 3665 468 3726 iu
491 3661 709 3746 Raspcnberc,
735 3660 916 3724 Fridericus
938 3660 977 3724 de
999 3661 1151 3742 llineme,
1175 3663 1200 3726 F
1202 3664 1356 3728 ridericus

52 3756 86 3818 de
112 3755 222 3832 Sulze,
248 3754 461 3818 Theodericus
489 3753 528 3816 de
556 3752 730 3816 Gozirstete
759 3768 855 3834 supra
887 3749 999 3813 dictus.
1045 3751 1085 3814 In
1114 3752 1228 3816 horum
1259 3755 1356 3837 igitur

50 3848 191 3909 omnium
221 3843 444 3908 certitudinem
472 3841 646 3926 pleniorem
668 3845 699 3904 et
726 3839 767 3902 ad
793 3839 965 3903 cuiuslibet
992 3839 1211 3906 altercacionis
1237 3843 1356 3908 calum·

51 3937 154 4016 pniem
178 3933 230 3998 vel
250 3933 480 4017 ignorantiam
494 3930 741 4016 propulsandam
751 3933 932 4014 presentem
943 3929 1080 3994 litteram
1096 3951 1192 4015 super
1204 3933 1262 3996 hoc
1273 3935 1356 3998 iacto

50 4025 260 4108 conscriptam
283 4027 391 4088 nostro
414 4021 517 4104 sigillo
540 4021 617 4084 utile
639 4020 792 4084 duximus
814 4019 1034 4084 roborandam.

115 4165 125 4190 ²
154 4161 211 4216 Da
239 4159 401 4229 Aendmp
428 4160 458 4212 ira
485 4157 577 4228 quoad
604 4157 707 4212 viveret
733 4159 793 4226 liept
820 4157 881 4211 aar
904 4157 987 4223 mlle,
1015 4157 1081 4212 doct
1103 4157 1186 4225 dedet
1207 4160 1264 4214 siclt
1286 4161 1357 4216 aroelr

49 4293 128 4346 quarn
149 4276 200 4331 diu
219 4275 377 4330 advixerint
394 4275 424 4328 in
442 4271 564 4332 Nam.
620 4264 790 4344 ”sepedicta
812 4271 836 4324 T
885 4231 998 4358 “dbbat
1016 4271 1171 4327 debebatur
1187 4273 1217 4328 D
1265 4265 1358 4348 ‘'pro-

49 4375 171 4464 uincilali
192 4375 221 4428 D
265 4371 547 4444 eprotestationiu's
588 4359 817 4441 ‘ymoleibenT
848 4368 1038 4440 ⁸ignorantie
1059 4370 1088 4424 1)
1123 4370 1279 4441 ignorantie
1302 4371 1326 4424 Τ

1155 4697 1208 4754 17*
