3506 5148
591 429 619 485 N
621 447 641 485 r.
653 431 801 486 sss-555.
822 431 1002 488 lter-1335.
1399 433 1450 490 509

143 581 278 660 marum]
302 582 474 664 magisltral
497 583 658 664 totuslque
678 584 868 661 constectus
896 584 1186 648 sanctimonialium
1209 585 1328 649 ordinis
1350 587 1450 648 sancti

142 672 307 736 Benedicti
332 671 461 736 ecclesie
488 677 596 736 sancte
622 671 721 736 Mario
752 675 785 736 in
818 675 1009 752 Arinestlete
1038 677 1307 757 recognoscimlus
1338 681 1369 738 et
1400 677 1450 756 ad]

143 763 291 825 noticiam
314 810 571 824 ..........
593 765 710 842 venire,
732 765 816 847 quod
839 785 897 828 uos
918 767 1064 828 unanimi
1085 785 1243 829 consensu
1258 772 1290 829 et
1303 767 1451 830 concordi

142 853 305 915 voluntate
325 857 514 936 maturaque
535 852 765 916 deliberacione
786 854 947 936 prehabito
968 903 1173 918 ........
1195 857 1310 934 insilis]
1332 904 1450 918 ......

142 943 339 1026 [emlpciouis
362 948 393 1005 et
414 941 606 1008 venditionis
624 943 726 1007 titulis
746 943 1034 1008 intervenientibus
1056 945 1233 1008 honorabili
1253 965 1290 1008 ac
1305 947 1451 1028 religioso

141 1035 176 1096 in
201 1032 324 1096 Christo
351 1034 432 1116 patri
457 1052 495 1096 ac
520 1033 685 1098 donduo.
708 1033 872 1111 [albbati
906 1035 1100 1138 [monasterii
1130 1035 1174 1138 in}
1207 1035 1302 1099 Porta
1332 1038 1452 1100 ordinis

143 1123 361 1230 cisterciensis
381 1123 495 1205 viginti
516 1128 548 1186 et
569 1125 714 1206 quinque
735 1123 852 1187 solidos
873 1141 979 1187 anniae
996 1126 1158 1207 pensionis
1174 1125 1212 1189 de
1229 1127 1322 1190 certis
1335 1125 1450 1209 bouils]

143 1259 559 1276 ...............
589 1211 794 1291 [mollendino
816 1214 908 1276 iuxta
929 1213 1037 1276 villam
1058 1213 1157 1277 Brant
1159 1214 1237 1278 bach
1260 1215 1337 1292 sito,
1366 1217 1451 1300 quod

144 1311 253 1368 tenent
273 1311 304 1367 et
326 1304 486 1386 possident
474 1303 547 1367 tad
567 1321 698 1386 presens
718 1301 928 1366 Hermannus
951 1353 1452 1368 ..................

143 1400 213 1458 octo
231 1394 357 1458 talentis
378 1394 581 1458 denariorum
601 1393 844 1458 Erfordensium
866 1393 958 1458 nobis
979 1394 1119 1478 plenarie
1141 1400 1212 1458 exst
1234 1445 1387 1458 ......
1416 1417 1452 1458 ac

98 1501 101 1508 ’
142 1489 177 1548 in
199 1505 279 1549 usus
301 1491 407 1548 nostre
436 1485 566 1548 ecclesie
594 1533 628 1547 ..
652 1535 657 1548 .
681 1534 687 1546 .
715 1483 935 1562 disllributisll
965 1533 971 1546 .
995 1498 1005 1547 .’
1025 1534 1176 1547 ......
1206 1485 1452 1563 [tralusferentes

142 1577 259 1640 dietam
288 1577 472 1658 pensionem
501 1595 641 1638 annuam
670 1576 704 1636 in
734 1576 963 1638 monasterium
991 1594 1234 1658 preexpressum
1256 1577 1348 1639 titulo
1369 1578 1452 1640 iuste

143 1667 341 1750 proprietatis
362 1685 399 1728 ac
420 1683 456 1728 eo
477 1667 547 1728 iure
568 1711 1019 1728 ................
1043 1666 1152 1728 multis
1170 1665 1366 1748 temporibus
1381 1687 1451 1749 pos·

142 1757 295 1834 sedimus,
314 1756 474 1840 perpetuis
495 1754 690 1838 temporibus
712 1754 943 1837 possidendam,
962 1756 1187 1820 renunciantes
1209 1757 1451 1819 nichilominus

144 1849 232 1910 omui
254 1848 370 1910 actioni
391 1847 477 1926 [doli]
498 1846 573 1909 mai
595 1891 1035 1908 ................
1062 1847 1194 1926 pecunie
1215 1852 1246 1908 et
1265 1846 1453 1928 generaliter

141 1959 180 2001 ac
206 1937 383 2020 specialiter
408 1937 496 1999 omni
523 1937 638 2000 actioni
667 1954 724 1998 seu
751 1935 943 2018 impeticioni
972 1957 1009 1998 ac
1039 1936 1210 2018 privilegiis
1239 1936 1354 1999 habitis
1376 1929 1447 2015 [vel]

141 2027 298 2090 habendis
315 2031 346 2090 ct
367 2071 695 2089 ............
716 2027 765 2106 gis
791 2023 841 2088 vel
867 2027 1014 2104 canonis,
1040 2045 1095 2108 per
1125 2044 1188 2108 que
1218 2025 1267 2089 vel
1292 2045 1347 2110 per
1372 2047 1452 2110 quas

141 2117 247 2181 dietus
277 2121 458 2180 contractus
492 2116 620 2200 po[ss]et
657 2115 776 2178 reoindi
810 2115 880 2194 [vel]
911 2115 1090 2198 aliqualiter
1123 2164 1309 2180 .......
1341 2117 1452 2179 dautes

142 2255 537 2272 ..............
568 2225 604 2268 ac
632 2207 824 2268 monasterio
849 2211 922 2268 ante
948 2205 1040 2269 dictis
1067 2207 1185 2269 nostris
1211 2205 1336 2288 sigillis
1367 2207 1452 2270 vide-

141 2301 283 2363 licet..
317 2299 466 2382 prepositi
499 2303 528 2360 et
563 2301 740 2360 conventus
770 2295 927 2376 signatam
960 2296 994 2357 in
1028 2296 1125 2360 huius
1159 2297 1233 2359 facti
1266 2298 1448 2360 memoriam

141 2435 468 2454 ............
499 2405 583 2450 anno
615 2385 737 2450 domini
766 2394 815 2448 Μο
824 2395 905 2451 0000
915 2395 1091 2466 XXXIIH0,
1126 2387 1159 2448 in
1191 2385 1299 2468 vigilia
1330 2385 1451 2450 Nativi-

140 2479 215 2544 tatis
236 2477 366 2541 domini

670 2562 921 2570 ——-—-..-—---—·

140 2656 256 2738 1335.
283 2654 392 2737 luni
406 2654 471 2736 24.
501 2653 731 2736 llisenaoh.
1357 2657 1450 2740 555.

223 2777 359 2857 Iasdwr‘g
380 2777 546 2842 rontscter
555 2777 676 2841 Kaisar
696 2777 808 2842 alrami
829 2779 889 2842 dos
898 2777 1026 2841 Kloster
1039 2779 1147 2861 Pforte
1166 2779 1202 2841 ia
1219 2779 1327 2842 selaeu
1337 2777 1452 2842 Sobata

181 2867 252 2931 aad
273 2867 413 2948 bestdtiot
434 2867 542 2930 dessea
565 2865 764 2948 hautepen,
787 2869 967 2932 Freibeiteo
987 2869 1093 2950 osopi.

294 2985 428 3040 Hdscba:
456 2986 502 3040 Or.
513 2986 590 3056 Perp.
620 2986 665 3056 Sp.
683 3004 722 3039 aa
738 2993 845 3054 prdem
862 2987 922 3040 sord
939 2989 1034 3042 rothae
1050 2987 1175 3042 aridem
1193 2986 1305 3054 Fiden,
1334 2988 1393 3040 sala
1411 2988 1451 3042 br-

343 3065 472 3135 sclrdda'pt.
509 3067 633 3120 Drasdea
651 3066 784 3122 Esar.
805 3066 944 3122 Nr.2695.
965 3097 997 3106 -
1019 3067 1091 3122 Tre.
1127 3067 1237 3122 Scblaes
1254 3067 1301 3120 der
1323 3067 1451 3122 Urlcrmde

341 3147 373 3200 ia
390 3146 420 3200 D
431 3151 489 3202 146.
527 3147 580 3202 Die
598 3147 830 3216 cormespelrendeu
849 3149 956 3201 Bldtter
975 3151 1114 3202 rsa-145
1132 3146 1195 3200 eiad
1211 3147 1432 3216 aeruscatores.

293 3238 420 3308 Ausaup:
437 3240 573 3295 Bartsch:
590 3239 676 3306 Wolff
681 3239 722 3307 II,
739 3243 799 3294 438.
834 3239 889 3310 Vol.
900 3239 1026 3306 Bb'hmer,
1046 3239 1109 3309 ch.
1119 3240 1184 3308 imp.
1195 3237 1312 3308 erdror'p
1320 3237 1346 3294 d.
1357 3239 1449 3294 Beier.

341 3319 436 3378 Addit.
447 3336 495 3375 sec.
515 3320 568 3375 Nr.
579 3323 656 3374 3021.

224 3425 416 3490 Ludowicus
452 3425 502 3488 dei
532 3426 638 3508 gracia
668 3424 887 3488 Romanorum
916 3426 1087 3508 imperator
1127 3443 1251 3506 semper
1283 3431 1450 3506 augustus.

136 3516 309 3584 Universis
336 3516 416 3579 sacri
438 3513 574 3580 Romani
601 3517 725 3600 imperii
753 3515 913 3596 fidelibus,
942 3517 981 3578 ad
1009 3535 1089 3598 quos
1117 3520 1279 3598 presentes
1300 3535 1451 3599 pervene-

133 3611 219 3687 rint,
248 3606 388 3690 graciam
415 3625 506 3669 suam
536 3612 566 3669 et
593 3625 687 3670 omne
708 3605 838 3668 bonum.
880 3603 1011 3669 Toeiens
1032 3603 1232 3686 imperatorie
1253 3605 1450 3669 celsitudinis

132 3704 285 3782 ceptrum
313 3696 412 3760 alcius
442 3696 604 3758 extollitur
634 3702 665 3759 et
695 3697 795 3779 ipsius
826 3700 927 3758 status
957 3716 976 3758 a
1000 3694 1142 3773 domino,
1177 3715 1196 3757 a
1223 3715 1286 3778 quo
1312 3696 1451 3779 procedit

133 3789 249 3854 omnis
270 3792 415 3870 potestas,
437 3785 560 3849 lelleius
580 3785 789 3868 gubernatur,
810 3785 962 3868 quociens
982 3785 1051 3847 loca
1072 3783 1179 3846 divino
1194 3785 1295 3848 cultui
1309 3785 1451 3849 dedicata

131 3899 198 3966 per
223 3897 283 3942 nos
308 3877 445 3959 benigna
471 3876 727 3940 consideracione
753 3883 909 3959 reguntur
929 3880 961 3939 et
981 3875 1020 3938 ad
1042 3876 1184 3956 ipsorum
1205 3873 1364 3940 libertates
1386 3896 1450 3940 ser-

133 3968 264 4034 vandas
292 3973 322 4032 at
347 3966 511 4030 facultates
540 3968 702 4049 augendas
722 3972 831 4030 nostra
851 3967 994 4048 graciosa
1016 3965 1171 4047 proteocio
1194 3965 1374 4030 fervenoius
1396 3986 1450 4028 ea-

129 4064 266 4125 citatur.
318 4057 399 4121 Cum
429 4057 514 4120 enim
542 4057 647 4120 omnis
676 4057 777 4138 gloria
809 4057 877 4118 sive
908 4055 1052 4138 potencia
1084 4055 1278 4138 principatus
1310 4056 1343 4118 in
1376 4055 1450 4118 sub·

130 4153 281 4216 ditonum
313 4149 464 4210 consistat
495 4146 627 4210 solidata
658 4146 801 4227 fortuna,
833 4145 1005 4228 expediens
1035 4143 1243 4225 arbitramur,
1285 4151 1319 4210 ut
1350 4147 1450 4210 simus

129 4237 294 4305 subiectis
324 4237 359 4299 in
390 4237 524 4300 iusticils
555 4236 664 4300 faciles
694 4242 725 4300 et
756 4237 791 4298 in
821 4237 935 4317 graciis
961 4234 1116 4298 liberales.
1165 4234 1302 4299 Proinde
1327 4239 1450 4299 novant

130 4328 248 4396 omnis
276 4345 407 4410 presens
437 4331 503 4390 etas
524 4333 555 4390 et
578 4327 679 4390 futuri
701 4327 850 4409 temporis
872 4345 1059 4390 successura
1080 4326 1258 4408 posteritas,
1286 4326 1371 4408 quod
1392 4345 1451 4389 nos

129 4416 347 4486 devocionem
375 4417 530 4480 sinceram
557 4417 777 4500 religiosorum
799 4417 941 4479 virorum
963 4467 970 4480 .
994 4467 1000 4480 .
1022 4415 1146 4478 abbatis
1167 4421 1198 4479 et
1219 4465 1251 4478 ..
1275 4422 1451 4480 conventus

129 4507 326 4576 monasterii
344 4507 379 4570 in
390 4506 485 4570 Porta
495 4505 616 4570 ordinis
628 4505 855 4587 (lystereiensis
868 4505 1053 4569 devotorum
1064 4511 1245 4569 nostrorum
1257 4505 1451 4585 dilectorum,

129 4597 288 4685 quasub
309 4597 474 4682 religionis
497 4595 608 4661 habitu
636 4597 775 4686 regulari
795 4598 861 4683 regi
883 4615 996 4680 regum
1017 4595 1181 4662 humiliter
1200 4597 1373 4660 mihtantes
1394 4616 1451 4680 pro
