3410 5146
635 387 682 444 Nr.
695 388 737 445 70.
759 387 833 440 1210.
1348 389 1382 442 95

91 541 260 628 lleingotus
292 541 331 605 de
365 540 539 604 Schirmost
570 538 734 622 prepositi,
772 534 954 599 Gerhardus
990 534 1250 614 archidiaconus,
1292 535 1384 599 Uitus

91 639 187 696 urstos
217 638 249 696 et
278 632 331 694 alii
360 649 456 712 quarn
482 629 611 711 plurimi
636 627 777 704 abbates,
808 625 973 708 prepositi,
1002 623 1130 700 decani,
1161 624 1384 706 archidiaconi,

91 723 236 798 canonici,
257 720 451 798 sacerdotes,
474 718 582 782 clerici
603 723 634 780 et
655 721 720 779 tota
741 716 874 778 sinodus
895 715 927 776 in
949 713 1086 778 Boricov
1108 713 1279 788 celebrata,
1307 715 1384 780 Lez-

90 813 157 874 stico
187 811 253 873 dux
283 810 450 889 Cracouie,
480 804 646 870 Odnradus
673 806 740 868 dux
769 806 867 866 frater
888 805 970 880 eius,
991 802 1164 866 Heinricus
1185 803 1252 868 dux
1274 805 1385 888 Zlesic,

90 901 233 964 ,ilbertus
255 899 429 982 palatinus.
451 895 630 969 (towarislr,
651 894 806 972 lacobus,
830 893 956 968 Mizsui,
980 891 1111 954 Ozstash
1129 899 1161 955 et
1181 893 1234 955 alii
1256 894 1384 977 plurimi

91 989 216 1071 Polouie
244 987 424 1050 nobiliores.
466 984 583 1049 Datum
608 985 641 1046 in
666 984 805 1047 Borilaov
831 992 887 1046 llil
910 981 1063 1044 kalendas
1084 983 1222 1064 Augusti
1243 1002 1326 1046 auno
1346 986 1384 1048 ab

89 1079 298 1143 incarnatione
317 1078 436 1140 domini
458 1083 638 1154 M001'0x0,
659 1073 832 1136 indictione
858 1081 961 1135 xilva

150 1193 344 1264 ‘exexempla
397 1181 409 1218 ¹³
434 1189 525 1246 moehi
547 1192 614 1246 steht
637 1192 695 1257 aas
713 1190 798 1243 ciuem
816 1187 965 1242 Stuckcben
984 1185 1155 1254 Perpameut,
1178 1187 1229 1242 das
1246 1205 1296 1244 aar
1314 1190 1385 1244 Aua·

88 1275 190 1344 filllaap
214 1275 286 1328 dues
304 1273 404 1326 lacta
430 1273 487 1339 uus
507 1271 555 1324 der
574 1269 715 1325 Rdclaeita
736 1267 884 1338 auspeklebt
904 1267 946 1320 iat.
1001 1266 1138 1335 ”Zerspea
1156 1267 1215 1322 rovd
1232 1267 1387 1340 Dutlatunp

89 1354 144 1406 aiud
161 1355 211 1408 mit
228 1353 338 1407 bellator
361 1353 437 1406 Tiute
454 1351 655 1420 ractpmapen.

610 1479 858 1490 —————---

92 1585 195 1668 1210.
223 1585 387 1682 August
413 1583 473 1665 31.
501 1583 664 1662 Erturt.
1322 1584 1387 1665 lb.

163 1737 348 1818 Erabiscbol'
372 1735 529 1817 Siepfried
550 1733 595 1798 la
628 1753 687 1797 oon
713 1731 829 1796 Maiae
853 1731 1008 1812 iiberpa'cbt
1033 1732 1102 1797 don
1129 1731 1257 1798 Kasta-
1281 1737 1390 1818 Psorta

128 1833 224 1892 3oon
257 1827 349 1908 Grat'
365 1826 512 1890 Lambert
539 1843 598 1888 von
622 1823 769 1887 Gleidren
799 1821 1017 1903 auspelossenc
1043 1821 1154 1904 Hatera
1185 1825 1219 1886 in
1251 1825 1390 1890 nesae

127 1919 221 1995 lobea,
248 1917 352 1998 wasia
383 1915 519 1980 maiorer
549 1912 703 1996 4Hafaa
730 1913 767 1976 ia
795 1911 966 1978 Viesalbact
987 1933 1046 1976 voa
1071 1913 1134 1978 aa
1153 1935 1195 1978 aa
1217 1916 1319 1980 Letum
1339 1937 1389 1998 pe-

126 2027 265 2071 summan
284 2007 347 2070 bot.

234 2123 369 2181 Educta.-
387 2123 417 2176 D
429 2127 464 2176 35
481 2123 534 2188 (tir.
549 2121 625 2188 Ver).
657 2121 743 2174 1¹15ss
750 2111 768 2175 ¹³.

235 2229 346 2284 orma.-
364 2229 511 2306 iratas.-¹
526 2225 649 2295 ruffa
667 2230 728 2281 aar.
763 2226 818 2295 aar.
838 2225 1044 2280 noram-wau
1063 2204 1104 2294 r'r,
1124 2233 1224 2294 rrru,
1244 2227 1296 2288 ua,
1312 2233 1370 2288 rra.

165 2333 201 2398 Iu
225 2335 353 2398 nomine
376 2340 484 2396 saucte
506 2341 538 2396 et
557 2332 723 2396 individue
745 2331 902 2394 trinitatis.
935 2332 1071 2394 Sitrirlus
1093 2332 1143 2396 dei
1165 2335 1266 2416 gratia
1282 2343 1389 2399 sancte

96 2423 342 2508 lloguntinensis
371 2424 455 2487 sedis
483 2423 747 2506 ar·chiepisoopus.
795 2421 843 2484 Ne
872 2422 1013 2505 providis
1040 2422 1197 2486 bonorum
1225 2425 1390 2490 hominum

95 2515 207 2578 actibus
229 2514 281 2577 vel
301 2514 442 2577 humanm
463 2513 567 2576 valeat
587 2513 777 2596 peruersitas
798 2513 964 2574 novercari
993 2511 1042 2574 vel
1064 2513 1186 2594 aliquid
1206 2514 1240 2576 in
1262 2527 1391 2578 eorum²

96 2607 167 2666 serie
193 2622 363 2688 processus
389 2603 539 2686 temporis
569 2622 625 2684 per
651 2608 870 2684 surrepentem
893 2601 1061 2664 oblivionis
1083 2603 1251 2682 caliginem
1274 2606 1390 2669 immu-

96 2703 166 2774 tare,
192 2697 323 2756 cautum
351 2698 399 2755 est
426 2698 458 2755 et
482 2691 666 2774 providum,
693 2697 727 2753 ut
754 2691 944 2773 scriptorum
973 2692 1075 2754 vivaci
1105 2693 1283 2756 testimonio
1305 2715 1391 2758 com-

98 2783 304 2846 nendenturb.
356 2781 476 2844 Notum
510 2783 608 2864 igitur
642 2781 713 2843 lieri
742 2780 891 2844 volumus
922 2789 986 2844 tam
1015 2782 1214 2866 presentibus
1240 2784 1391 2848 fidelibus

99 2891 182 2951 quam
219 2873 354 2950 luturiS,
395 2870 481 2950 quod
523 2870 659 2934 dilectus
697 2870 803 2933 fidelis
834 2877 955 2949 noster,
998 2869 1185 2953 Lampertus
1217 2893 1323 2938 comes
1352 2875 1391 2936 de

101 2961 235 3042 Gliohen,
290 2968 356 3025 tres
409 2980 537 3024 mansos
590 2963 625 3024 in
679 2959 982 3038 Hantscusleiben,¹
1036 2981 1115 3042 quos
1166 2961 1205 3024 ab
1257 2961 1391 3026 ecclesia

102 3050 324 3132 linguutiuensi
359 3053 429 3114 iure
472 3052 574 3114 terruit
607 3049 739 3130 feodali,
778 3051 810 3112 iu
848 3069 963 3112 manus
1000 3055 1124 3114 nostras
1170 3051 1268 3116 libere
1314 3055 1391 3116 resi-

101 3143 208 3220 enavit,
236 3161 318 3223 (puos
352 3141 486 3204 ecclesio
520 3141 559 3203 de
585 3140 682 3203 Porta
717 3139 818 3204 libera
856 3139 1030 3204 tradicione
1066 3142 1259 3205 contulimus
1291 3143 1392 3206 multa

103 3249 130 3290 ac
166 3231 281 3294 devota
322 3231 363 3294 ad
403 3229 463 3293 hoc
496 3230 646 3292 instantia
677 3229 829 3292 inclinati.
880 3231 953 3314 Ipso
985 3250 1060 3294 vero
1093 3237 1229 3313 quatuor
1265 3250 1391 3294 mansos

103 3319 126 3378 in
141 3319 323 3398 l'isilbecbe,
345 3341 425 3400 qum¹
447 3319 549 3398 tytulo
571 3321 771 3404 proprietatis
784 3321 977 3404 possederat,
997 3322 1089 3384 uobis
1101 3341 1137 3383 ac
1154 3321 1392 3384 successoribus

105 3409 204 3472 uostris
225 3409 419 3472 contradidit
440 3411 470 3470 iu
495 3413 683 3490 restaurum,
706 3429 786 3490 (uros
807 3429 825 3471 a
849 3410 940 3472 rrobis
961 3411 1073 3474 collem
1093 3411 1162 3474 iuro
1180 3411 1306 3493 recepit,
1328 3431 1391 3492 quo

104 3506 232 3561 tenuerat
254 3499 421 3582 resignata.
467 3498 507 3560 Ut
528 3506 635 3561 mrtem
656 3500 714 3561 hec
738 3499 893 3562 unlirratio
917 3499 1013 3562 robur
1034 3502 1173 3582 optineat
1194 3522 1231 3562 ac
1253 3501 1391 3564 debiturn

104 3587 280 3666 firmitatem,
309 3592 488 3670 presentem
516 3588 674 3650 conscribi
696 3589 841 3672 paginam
865 3609 999 3670 eamque
1020 3590 1112 3672 sigilli
1139 3591 1236 3654 nostri
1257 3591 1392 3654 fecimus

104 3679 265 3742 munimine
287 3678 429 3740 roborari
451 3678 510 3740 sub
525 3679 781 3742 interminatione
793 3679 1003 3742 arrathematis
1013 3679 1187 3742 districtius
1204 3680 1392 3760 inhibentes

104 3785 134 3829 ue
155 3768 216 3830 ulla
236 3769 266 3830 ei
287 3767 503 3830 ecclesiastica
524 3767 716 3830 secularisve
739 3787 874 3851 persona
901 3774 1019 3832 temere
1046 3769 1203 3834 contraire
1223 3779 1393 3852 presumat,

104 3857 223 3934 quodsi
245 3857 318 3938 quis
341 3857 587 3938 attemptaverit,
615 3856 865 3939 lrrdiguationenr
895 3857 947 3920 dei
968 3859 1193 3940 omnipotentis
1214 3879 1247 3922 se
1270 3861 1394 3924 noverit

105 3945 302 4008 incursurum.
343 3945 452 4008 Testes
479 3945 575 4007 huius
601 3947 648 4008 rei
677 3951 751 4007 suut
773 3945 941 4009 Cuuradus
963 3951 1070 4010 sancte
1091 3948 1202 4024 llario,
1229 3949 1393 4014 llervvinus

105 4036 193 4098 sancti
212 4035 323 4099 Seueri
344 4037 504 4119 prepositi,
524 4035 680 4098 Lutlrerus
702 4035 851 4114 decanus,
872 4035 1061 4099 Lruleuicus
1083 4037 1277 4115 scolasticus,
1299 4039 1393 4104 Gisil-

105 4121 201 4188 bertus
220 4133 331 4188 cantor
351 4133 459 4189 sancte
476 4125 573 4188 llarie
589 4124 800 4204 Ertorrlensis,
823 4125 1006 4188 Guntherus
1028 4133 1059 4189 et
1069 4125 1241 4190 Heinricus
1262 4131 1393 4192 comites

108 4211 140 4272 de
158 4211 360 4278 Suarcburclr
382 4216 540 4296 germani,
569 4214 724 4276 Ernestus
745 4233 851 4276 sontes
874 4216 912 4277 de
937 4215 1100 4296 'Velselre⁰,
1122 4217 1332 4298 “burgravius
1354 4220 1392 4284 de

110 4299 293 4389 llvrcbberg,
322 4305 558 4368 Hartmannns⁹
580 4305 618 4366 de
641 4303 846 4384 Lobdeburg,
870 4305 996 4367 Vlrirus
1018 4307 1057 4367 de
1077 4307 1260 4387 Tullestete,
1280 4307 1393 4372 Thide·

112 4392 183 4455 ricus
202 4397 400 4474 camerarius,
420 4395 604 4458 Tbidericus
625 4413 705 4476 puer
725 4393 840 4456 fratres
861 4393 900 4456 de
923 4395 1082 4477 Appolde,
1103 4396 1289 4460 Thidcricus
1312 4399 1394 4462 vice-

112 4478 242 4548 dominus
262 4485 300 4550 de
322 4485 511 4559 Rusteberc,
538 4485 723 4547 Thidericus
744 4485 964 4548 vicedominus
985 4485 1024 4548 de
1047 4485 1204 4570 Appolde,
1230 4487 1394 4551 lohannes

114 4566 145 4629 de
173 4571 295 4638 Getam
340 4579 424 4638 Acta
455 4582 530 4638 sunt
561 4575 618 4638 hec
651 4591 734 4637 anno
766 4574 995 4651 incarnationis
1026 4575 1185 4650 dominice,
1213 4585 1395 4660 M⁰CC⁰X⁰,
