3402 5152
298 357 352 413 430
671 353 903 412 Urlrundenbuch
920 355 968 414 des
987 355 1112 410 Klosters
1131 353 1233 409 Plorte.

298 509 368 563 wohl
394 511 592 578 auspestricli-en
621 511 692 575 seia,
727 509 856 562 mclleiclit
882 508 952 561 auch
979 506 1030 561 das
1056 509 1144 561 swelle
1169 524 1200 572 0,
1227 505 1454 576 dbmpescbrieben
1480 505 1516 558 iat
1545 505 1601 558 aba

298 589 564 724 Ιᾶεθῖῖὲθῖἴεόἰῗὲῒεη
588 607 621 644 rn
645 589 708 644 oder
730 605 763 643 en
782 590 846 642 oder
864 606 908 642 vn.
946 589 1018 641 Illas
1043 587 1111 641 wird
1135 587 1201 640 doch
1227 587 1295 640 wobl
1318 602 1374 638 nar
1390 603 1436 639 aa
1462 585 1600 652 Dor-ubam

827 779 1077 790 mm

300 849 409 930 1315.
436 781 737 929 Deucruberl.·
1088 811 1091 819 ¹
1504 841 1601 923 'lot

380 984 546 1047 Hermann
580 985 672 1065 Grnt'
699 1005 757 1048 raon
791 983 938 1048 Glcichen
969 985 1069 1064 eipiaet
1098 983 1179 1046 nect
1209 981 1415 1061 Resiynmitm
1446 982 1516 1042 aad
1548 981 1605 1058 auf

342 1074 427 1138 Bitte
463 1075 516 1136 des
546 1075 665 1138 Ritlers
696 1074 804 1138 *libert
836 1073 938 1138 Oalwa
969 1096 1027 1137 voit
1061 1073 1191 1138 Gebesee
1228 1074 1297 1136 dent
1335 1071 1463 1136 Kloster
1501 1069 1603 1151 Psorte
1694 1075 1695 1134 l

343 1169 379 1247 ¹542
401 1164 491 1246 Hafa
513 1167 553 1227 im
574 1165 761 1245 elierimlipeo
784 1163 884 1246 Dorfe
905 1165 1116 1228 Haase-aletae
1136 1184 1189 1228 zai.

450 1293 582 1345 narsen„-
612 1282 711 1345 Tldlb
730 1294 779 1345 mil
796 1293 844 1345 der
862 1310 907 1344 aaa
928 1291 1007 1345 Eada
1025 1293 1233 1360 bina-nycfu'pten
1250 1290 1422 1357 Bana-amq
1440 1289 1603 1354 Neubdfara:

501 1373 630 1442 Sigillum
650 1375 676 1427 iu
699 1372 881 1442 originalibus
899 1379 941 1426 est
959 1373 1079 1425 fractum
1099 1388 1148 1441 per
1167 1370 1289 1424 medium
1309 1369 1497 1439 pendentibus
1514 1368 1603 1422 tranis

501 1453 530 1506 in
551 1454 685 1523 superiori
703 1461 731 1508 et
751 1453 870 1507 inferiori
890 1453 1017 1522 partibus
1037 1453 1063 1506 in
1083 1451 1218 1508 chartula.
1258 1451 1286 1504 D
1298 1441 1351 1504 74¹³
1371 1452 1423 1518 (tit.
1435 1449 1547 1517 Vebre).

449 1544 563 1599 Druck:
583 1546 718 1600 Deutscb:
745 1547 826 1614 Wolff
840 1547 882 1611 Π,
902 1551 962 1601 360.

382 1669 548 1748 Omnibus,
570 1689 705 1752 quorum
728 1672 860 1732 interest
881 1675 936 1733 aut
957 1669 1074 1753 quibus
1099 1687 1192 1732 nosse
1212 1669 1307 1732 luerit
1323 1673 1529 1750 oportunum,
1552 1686 1603 1728 nos

301 1759 508 1822 Hermannus
526 1761 574 1822 dei
597 1763 702 1844 gracia
722 1779 827 1824 comes
849 1763 881 1822 iu
901 1759 1031 1823 Glichen
1056 1762 1189 1824 lecimus
1212 1759 1423 1835 manifestum,
1445 1757 1530 1840 quod
1554 1777 1604 1818 nos

302 1850 526 1912 dimidietatem
556 1853 653 1912 unlus
683 1853 784 1912 nransi
813 1853 844 1912 in
874 1853 993 1934 campis
1021 1851 1180 1931 quondam
1209 1850 1283 1912 ville
1302 1848 1602 1912 Hentnscbusleiben

303 1941 369 2016 siti,
401 1959 494 2024 quem
526 1940 677 2002 Albertus
705 1941 808 2002 dictus
837 1940 940 2002 Calwe
972 1941 1009 2003 de
1035 1939 1156 2002 Gebese
1182 1939 1272 2002 miles
1303 1945 1410 2001 noster
1435 1939 1539 2002 tidelis
1564 1939 1605 1998 di-

303 2028 403 2092 lectus
440 2051 457 2091 a
492 2030 584 2092 nobis
615 2036 646 2092 et
676 2031 792 2092 nostris
823 2031 1076 2112 progenitoribus
1106 2035 1252 2092 tenuerat
1280 2028 1371 2092 titulo
1400 2028 1533 2107 feudali,
1570 2027 1604 2090 ad

302 2117 486 2182 devotarum
514 2139 644 2202 precum
672 2120 859 2182 instanciam
887 2119 962 2181 dicti
983 2119 1117 2197 alberti,
1146 2120 1234 2200 prius
1260 2125 1363 2180 temen
1392 2116 1486 2180 nobis
1511 2117 1603 2181 libera

301 2211 518 2290 resignacione
544 2229 600 2293 per
622 2209 787 2272 Albertum
818 2209 899 2272 facta
924 2210 1108 2292 prelatum³‚
1135 2211 1239 2292 ipsum
1261 2229 1411 2271 mansum
1430 2210 1499 2271 sire
1520 2207 1606 2285 bona

303 2305 337 2360 ut
358 2303 564 2380 premittitur,
593 2299 832 2363 honorabilibus
861 2302 936 2363 viris
958 2300 1077 2377 abbati,
1106 2301 1202 2383 priori
1228 2307 1260 2362 et
1287 2300 1459 2362 conventui
1481 2299 1605 2362 ecclesie

303 2387 465 2453 Portensis
492 2391 766 2474 appropriavimus
794 2392 861 2453 sive
887 2392 921 2452 in
946 2392 1108 2473 proprium
1136 2390 1282 2453 dedimus
1303 2395 1334 2452 et
1355 2389 1555 2472 presentibus
1576 2391 1605 2450 iu

181 2545 208 2566 ·
301 2482 463 2562 proprium
492 2482 606 2544 damus
634 2481 820 2563 simpliciter
845 2485 971 2563 propter
1003 2480 1112 2558 deum,
1146 2483 1370 2543 renunciantes
1402 2481 1522 2562 precise
1553 2496 1606 2560 pro

303 2569 395 2632 uobis
424 2576 454 2633 et
483 2573 599 2634 uostris
630 2570 867 2634 successoribus
888 2570 1037 2632 omnibus
1059 2571 1196 2651 iuribus,
1227 2570 1340 2633 usibus
1362 2589 1418 2633 seu
1439 2569 1608 2650 obsequiis,

303 2679 365 2740 que
390 2661 483 2724 nobis
510 2668 566 2723 aut
590 2661 825 2724 successoribus
855 2663 993 2723 nostrisb
1020 2663 1051 2722 in
1081 2661 1171 2724 dictis
1200 2662 1290 2724 bonis
1311 2659 1530 2743 competebant
1553 2677 1607 2720 seu

301 2757 477 2832 competere
506 2757 636 2834 possent
660 2753 692 2813 in
726 2752 878 2814 futurum.
920 2750 956 2812 In
986 2751 1082 2813 huius
1104 2753 1370 2834 appropriacionis
1392 2755 1423 2811 et
1444 2750 1608 2811 renuncia·

304 2841 404 2902 cionis
427 2843 643 2904 testimenium
666 2847 697 2905 et
715 2842 909 2904 evidenciam
932 2842 1104 2924 pleniorem
1127 2842 1209 2904 hauc
1230 2846 1368 2903 nostram
1384 2839 1519 2902 litteram
1542 2838 1608 2900 dari

302 2929 439 2992 fecimus
469 2938 576 2994 nostro
606 2932 709 3012 sigillo
742 2931 876 2994 fideliter
905 2931 1092 2994 roboratam.
1133 2931 1239 2994 Testes
1259 2931 1359 2993 eciam
1381 2931 1479 2992 buius
1499 2945 1608 3010 appro

303 3020 473 3100 priacionis
495 3027 526 3083 et
547 3023 801 3084 renunciacionis
822 3025 898 3084 sunt
918 3021 1100 3083 Gerhardus
1122 3022 1160 3084 de
1183 3021 1370 3102 Viscbberg‚
1400 3019 1550 3082 Albettus
1571 3017 1609 3078 de

304 3108 593 3195 Gunde1·sleybcn⁰‚
621 3111 792 3174 Heinricus
818 3111 979 3193 Hugouis
1008 3111 1166 3174 lohannes
1193 3111 1230 3174 de
1251 3111 1428 3193 Volgstete‚
1459 3108 1609 3171 Albertus

304 3200 343 3262 de
367 3199 530 3264 witer-ded
557 3201 672 3265 milites
700 3204 799 3264 nostri
826 3202 932 3265 fideles
962 3208 992 3264 ot
1013 3201 1118 3284 plures
1142 3201 1193 3262 alii
1214 3199 1276 3262 fide
1298 3199 1396 3281 digni.
1440 3197 1555 3260 Datum
1578 3205 1608 3258 et

304 3295 408 3352 actum
431 3311 515 3354 anuo
538 3292 658 3354 domini
682 3302 871 3368 ll0t't‘tt'xl',
891 3292 1042 3354 kalendas
1064 3288 1256 3353 Decembris.

375 3425 452 3492 aper
469 3425 615 3478 Albertum
635 3426 694 3478 aad
712 3427 851 3494 prelatum
870 3425 936 3488 fehlt
955 3424 984 3476 D
1060 3414 1193 3476 bnostris
1211 3421 1415 3476 successoribus
1436 3419 1465 3474 D
1540 3421 1549 3444 ¹'
1569 3436 1611 3472 er-

304 3503 472 3557 midisleibin
493 3507 570 3570 (stad
588 3504 831 3573 Gundersleybeu)
849 3503 878 3555 D
949 3493 961 3530 ‘¹
982 3501 1120 3556 Wirtenle
1140 3503 1165 3554 Τ
1203 3501 1321 3555 Witinle
1338 3499 1368 3553 D

830 3661 875 3667 .—
887 3659 1079 3667 -—......-.-.-.

308 3707 416 3788 1316.
445 3708 615 3788 leniter
634 3709 694 3789 ll).
1516 3703 1609 3783 463.

386 3843 552 3906 Hermann
577 3846 669 3925 tiras
683 3864 741 3906 con
763 3843 909 3907 Glciclieo
931 3845 1031 3922 etpost
1050 3845 1118 3906 dou
1140 3841 1266 3910 Klosler
1284 3841 1390 3923 Plora
1417 3844 1482 3921 612
1498 3837 1612 3903 Aecae

348 3935 380 3996 in
393 3934 603 3997 Hensclilcbcu
623 3955 674 4009 aa,
697 3932 958 3997 laelcbeDicbicb
978 3933 1085 4013 Jlaiape
1108 3953 1160 3995 coit
1174 3933 1344 4011 Heilinpen
1364 3933 1421 4009 fiir
1445 3937 1488 3996 12
1501 3927 1612 4008 Plana

344 4025 495 4106 b'rslolcr
519 4026 674 4105 l’t'couiyc
693 4047 736 4086 (tlt
758 4025 895 4087 drassclbe
916 4025 1062 4105 vasense
1082 4025 1149 4086 aaut
1170 4025 1235 4087 laia
1255 4021 1458 4103 uastatos-sea
1480 4023 1535 4084 lud.

458 4153 590 4206 Hdsclan:
613 4153 657 4207 Dr.
670 4154 744 4218 l’erp.
763 4153 809 4220 Sp.
823 4153 980 4220 obedisses.
1010 4153 1110 4219 Pteria,
1127 4151 1278 4204 Bul-loetali·
1297 4149 1329 4202 D.
1343 4153 1383 4202 16.
1405 4179 1436 4188 -
1467 4147 1535 4201 Di't
1554 4145 1610 4210 (aa

508 4233 618 4298 Vebre).
649 4233 670 4284 ‘l'
681 4237 737 4286 10¹2.

456 4327 569 4380 Drucla:
586 4326 723 4378 Dcutscla:
747 4327 830 4393 Wolff
847 4327 885 4391 ll,
904 4331 964 4379 361.

390 4450 453 4512 Nos
487 4450 692 4512 llurmanuus
728 4451 774 4512 dei
807 4451 912 4532 gracia.
941 4469 1048 4512 comm
1079 4449 1117 4510 de
1145 4447 1286 4510 Glicben·
1308 4447 1465 4509 universis
1495 4441 1610 4532 Cluisti

308 4541 456 4604 fidelibus
487 4561 617 4624 presens
649 4543 798 4624 scriptum
834 4543 949 4603 visuris
977 4541 1123 4621 cupimus
1153 4558 1222 4602 csse
1250 4549 1377 4618 nutum,
1409 4535 1503 4621 quod,
1529 4551 1612 4594 cum
