3400 5148
522 393 573 449 Nr.
585 393 731 452 rra-175.
752 393 932 450 laea-raet.
1002 429 1004 434 -
1333 395 1381 450 191

88 542 186 626 1263.
213 543 341 646 April
364 545 431 626 20.
459 545 621 627 Plortc.
1296 543 1380 627 174.

159 681 322 744 Wenemar
342 679 406 744 Aba
426 701 485 744 von
506 679 721 746 Diiaama'iade
740 679 906 756 deierando,
934 679 1009 742 dass
1029 677 1202 759 Harpocran
1223 680 1381 744 Pricsnita

116 770 166 832 mit
192 769 341 833 laudea
369 770 420 836 die
446 769 557 834 Matre
583 768 747 834 antelato
774 770 829 833 der
850 769 1019 850 Doralrarry
1040 769 1108 832 dem
1131 769 1254 832 Klostcr
1273 769 1382 852 Psorde

115 877 168 920 rar
190 857 259 922 Zcit
277 860 332 922 des
351 859 446 923 Abtcs
467 861 619 923 Koaradl
639 859 816 940 eupeeepaet
836 857 920 922 habe.

222 975 355 1030 Educta:
374 977 404 1030 D
420 981 457 1031 21
475 977 528 1044 (tit.
539 973 724 1043 Borsendori).

221 1081 333 1135 Dmck:
351 1081 485 1136 Deuteclr:
510 1082 594 1150 Wolff
608 1080 728 1144 11‚115.

152 1185 219 1250 Nos
249 1187 347 1250 frater
374 1187 585 1251 Wenenrarus
618 1184 717 1248 abbas
744 1185 777 1247 in
805 1182 1019 1248 Duuemundc
1047 1189 1157 1248 tenore
1183 1187 1379 1268 presentium

81 1277 329 1358 recognoscimus
355 1286 387 1340 et
410 1283 624 1360 protestamur
650 1281 682 1338 ct
707 1293 764 1358 per
784 1275 1051 1337 contestacioncm
1073 1273 1261 1355 obedientie,
1283 1295 1379 1357 quam

81 1371 217 1428 tenemur
238 1373 346 1430 nostro
369 1367 482 1446 ordini,
503 1367 694 1430 confirmem
717 1365 817 1447 parati
838 1383 957 1442 sumus,
978 1363 1063 1444 quod
1086 1363 1224 1426 vidimus
1244 1369 1276 1428 et
1289 1367 1378 1429 audi-

81 1454 188 1534 rimus,
215 1456 301 1537 qnod
323 1456 472 1519 dominus
493 1455 589 1538 Hugo
609 1455 648 1518 dc
670 1455 814 1518 Briseniz
838 1458 870 1516 et
889 1454 1091 1534 Berengerus
1111 1452 1199 1515 tilius
1221 1473 1298 1518 suus
1319 1475 1378 1520 noc

80 1561 135 1606 nou
155 1551 188 1608 at
208 1544 278 1608 filia
297 1547 398 1628 ipsius
418 1553 490 1609 ante
513 1546 652 1608 hostiurn
674 1543 794 1626 capelle
814 1545 873 1605 site
893 1544 926 1604 in
947 1549 1050 1604 castro
1062 1543 1244 1625 anmburg
1261 1565 1378 1608 renun-

80 1633 239 1698 ciaverunt
264 1637 352 1698 omni
378 1637 454 1714 iuri,
483 1635 569 1717 quod
594 1633 754 1698 habebant
781 1633 832 1696 rel
854 1633 969 1696 habere
991 1632 1182 1695 videbantur
1202 1634 1235 1695 in
1257 1634 1377 1698 molan-

80 1722 146 1785 dino
167 1725 227 1788 sito
249 1724 308 1788 sub
331 1733 434 1788 castro
448 1723 629 1806 Dornburg,
648 1728 680 1786 et
699 1724 806 1806 ipsurn
825 1723 1044 1786 molendinum
1065 1722 1327 1786 contradiderunt
1346 1733 1378 1787 et

78 1815 354 1898 appropriaverunt
380 1833 453 1878 cum
481 1815 569 1878 omni
595 1816 664 1877 iure
686 1813 883 1892 scurilitate,
905 1833 966 1894 que
987 1813 1065 1896 ipsis
1086 1814 1119 1875 in
1140 1830 1177 1874 eo
1198 1818 1377 1896 competere

78 1903 272 1982 videbantur,
301 1906 493 1968 monasterio
520 1905 667 1968 Portonsi
694 1905 725 1965 in
747 1922 862 1966 manus
885 1903 986 1966 felicis
1008 1903 1235 1966 recordationis
1256 1904 1385 1967 domini¹

77 1989 208 2055 Cunradi
231 1997 330 2057 tunc¹
353 1993 475 2058 abbatis
496 1995 529 2057 in
544 1995 649 2071 Porta,
669 1995 805 2076 receptis
825 1994 972 2076 primitus
992 1993 1031 2054 ab
1054 1992 1166 2055 eodem
1184 1995 1376 2057 monasterio

75 2082 199 2162 proinde
221 2084 531 2146 XX⁸¹IH1⁰¹marcis
553 2083 684 2166 argenti.
726 2081 938 2145 Huiusmodi
959 2081 1192 2144 renunciationi
1213 2087 1376 2163 presentes

76 2171 162 2233 etiam
183 2172 348 2234 affuerunt
368 2172 483 2235 fratres
504 2172 543 2235 de
565 2172 661 2234 Porta
683 2171 736 2250 hii,
759 2189 894 2252 quorum
916 2170 974 2234 hcc
996 2176 1070 2234 sunt
1091 2171 1235 2232 nomina:
1258 2171 1375 2254 Engel·

74 2259 186 2326 hardus
207 2261 407 2340 cellerariae,
435 2263 533 2325 irater
551 2261 704 2324 Albertus
723 2266 800 2323 timo
821 2260 971 2342 magister
989 2262 1023 2322 in
1044 2261 1253 2338 Borsendort,
1278 2263 1376 2326 frater

73 2350 219 2414 tibertus
250 2351 289 2413 de
320 2350 513 2433 Meldingen.
570 2350 611 2414 Ut
640 2351 738 2432 igitur
767 2350 826 2412 heo
858 2351 973 2432 pagina
1002 2357 1108 2414 nostre
1140 2352 1375 2434 protestationis

71 2437 163 2502 robur
184 2439 325 2504 obtineat
344 2441 518 2520 firmitatis,
539 2441 733 2522 appensione
758 2439 853 2521 sigilli
873 2441 975 2502 nostri
993 2441 1095 2522 ipsam
1115 2441 1268 2503 iussimus
1289 2460 1375 2504 com-

72 2530 192 2592 muniri.
228 2529 311 2592 Data
330 2531 364 2592 in
386 2530 482 2593 Porta
503 2549 586 2593 anno
608 2530 708 2612 gratie
729 2527 999 2608 M⁰CC⁰LX⁰1110‚
1021 2529 1093 2593 Xll⁰
1114 2529 1266 2594 kalendas
1289 2531 1375 2594 Maii.

140 2644 149 2683 ¹
168 2645 361 2735 Naclrweicbar
380 2647 429 2714 far
448 2647 633 2706 1239-1251,
660 2645 735 2698 kann
759 2645 821 2698 aber
838 2645 930 2698 bereite
949 2646 997 2698 acii
1016 2649 1085 2698 1236
1103 2645 1161 2698 aad
1178 2647 1218 2699 bia
1236 2645 1304 2700 1252
1322 2648 1376 2701 Aer

70 2741 180 2790 pem
196 2741 262 2783 aaa.

72 2913 384 3050 [mee—lecta]
1292 2918 1373 3001 leo.

146 3053 275 3135 amors
300 3053 420 3120 sama
459 3051 688 3134 concorpora
728 3053 859 3128 eruere,
903 3053 1076 3116 cassas
1115 3051 1239 3116 orosa
1268 3053 1376 3133 nme

106 3143 193 3206 uiolet
210 3143 399 3225 oapflicletct
426 3143 471 3206 sei
487 3143 667 3223 jeamedem
691 3143 781 3206 daero
806 3163 866 3207 von
893 3142 948 3206 cer
976 3139 1102 3206 Benace
1130 3141 1176 3204 oei
1204 3137 1374 3222 Darabary

106 3233 340 3297 amalradae
363 3231 503 3298 Sotaden
521 3252 563 3297 aa
583 3237 724 3296 osetaea.

214 3349 350 3408 flaua:
370 3349 400 3404 D
415 3353 450 3404 21
468 3351 520 3417 (aa.
531 3347 718 3416 Boraendorf).
749 3348 774 3400 Τ
788 3348 868 3402 2031).

216 3457 327 3511 Druck:
342 3454 474 3510 Dentati:
491 3454 624 3523 Worffrr,
635 3458 686 3507 116
696 3453 755 3508 mad
764 3453 850 3508 durch
860 3452 984 3506 laridum
993 3468 1054 3506 aum
1063 3453 1170 3506 aweitcn
1181 3451 1255 3506 Male
1263 3451 1307 3518 II,
1314 3454 1373 3508 217.

145 3559 313 3626 Universis
345 3562 425 3624 hanc
452 3561 589 3625 litteram
621 3561 812 3643 inspecturis
837 3559 992 3624 Rodolfus
1018 3560 1172 3640 pincerna
1197 3557 1236 3622 de
1263 3558 1374 3621 Varila

67 3650 209 3714 salutem.
240 3651 465 3734 Significamus
490 3651 690 3714 universitati
717 3655 831 3730 vestre,
858 3649 942 3731 quod
964 3648 1057 3710 nobis
1080 3654 1111 3711 et
1132 3649 1248 3712 nostris
1272 3648 1372 3710 homi·

67 3739 160 3804 nibus
188 3747 219 3804 et
245 3742 285 3805 dc
312 3741 444 3804 veritate
471 3740 532 3804 hoc
558 3744 707 3820 constat,
735 3739 820 3821 quod
852 3739 1000 3801 dominus
1026 3738 1124 3801 abbas
1153 3737 1192 3800 de
1221 3737 1316 3800 Porta
1342 3745 1374 3802 et

65 3849 139 3892 suus
167 3836 345 3894 conventus
374 3829 473 3893 nullib
502 3831 631 3892 omnino
666 3835 815 3894 tenentur
847 3828 976 3910 aliquod
1003 3827 1176 3910 dampnum
1202 3827 1372 3892 refundere

66 3918 101 3980 de
129 3926 228 4002 ponte
253 3919 310 3983 illo
337 3919 429 3983 iuxta
457 3917 656 3984 Domburch.
699 3915 780 3994 Quia
808 3919 868 3981 hoc
897 3917 989 3980 uobis
1016 3918 1055 3980 de
1081 3919 1213 3982 veritate
1240 3925 1372 3994 constat,

65 4009 148 4088 quod
173 4027 338 4092 nunquam
360 4009 514 4087 iecerunt,
535 4014 567 4073 et
587 4008 646 4070 hoc
668 4007 803 4070 dicimus
824 4006 996 4070 bonafide.

132 4125 143 4153 ¹
162 4129 287 4180 ”conatat
304 4124 371 4180 ''hoa
388 4123 418 4178 D
472 4111 484 4148 ³
503 4123 581 4179 nullo
600 4124 624 4177 T

137 4219 148 4258 ¹
174 4219 229 4275 Dc
252 4221 380 4276 orcanae
405 4219 516 4289 befindet
541 4222 598 4276 airh
616 4222 647 4275 in
664 4220 702 4288 D,
727 4220 777 4276 das
794 4220 935 4274 domnolo
952 4219 999 4276 der
1016 4220 1151 4276 amaraco
1171 4219 1238 4276 lter
1255 4222 1292 4276 im
1311 4219 1370 4282 Art-

62 4301 199 4366 auram
216 4300 425 4372 clrrmwloyische
443 4299 614 4370 Reihmfolpe
631 4301 789 4363 ὸοοὺαοὶιιοέ,
807 4301 937 4355 maclam
954 4301 1018 4354 awei
1035 4301 1140 4356 andem
1157 4318 1208 4358 wo
1225 4305 1295 4357 1263
1311 4301 1371 4356 med

63 4383 135 4435 1264,
182 4379 241 4432 Voo
256 4379 314 4434 dan
332 4379 398 4434 Bau
415 4381 487 4434 einer
505 4380 613 4435 Brdcke
631 4381 671 4434 dei
688 4379 830 4447 Dorudorl
846 4382 953 4434 warin
971 4380 1023 4436 Nr.
1033 4382 1084 4434 160
1100 4397 1150 4434 aaa
1168 4385 1244 4437 1257.
1255 4382 1370 4451 Atrp.30

62 4459 305 4596 §tammus
326 4459 433 4514 dieaelbe
458 4459 528 4514 wind
554 4478 619 4514 man
644 4459 687 4514 die
718 4459 878 4530 Erkldraup
905 4459 1023 4526 Radolsa
1048 4477 1099 4514 con
1122 4457 1242 4530 Varpala
1266 4477 1301 4514 ra
1329 4461 1368 4516 bo·
