3402 5152
312 384 365 443 438
683 379 913 444 Urkundenhuch
932 388 980 446 des
998 377 1123 446 Illastera
1142 383 1244 446 Plorte.

312 541 415 606 leibeu
431 541 584 604 hactenus
598 540 776 620 habuimus,
797 542 943 606 videlicet
963 562 1060 623 areas,
1081 549 1195 622 curtae,
1215 562 1352 624 mansos,
1373 561 1470 626 agros,
1488 542 1585 622 salices,

313 639 413 716 prata,
440 634 600 714 gramina,
627 651 744 714 pascua
770 652 841 695 curu
870 634 1019 697 omnibus
1046 635 1239 716 appendiciis
1266 635 1333 696 suis
1359 633 1483 696 domiuo
1500 633 1585 696 abbati

314 743 436 806 suoque
457 723 628 784 conventui
649 725 682 784 in
702 722 797 784 Porta
817 723 963 786 dedimus
985 733 1016 786 et
1035 725 1235 807 presentibus
1257 725 1371 787 damus
1392 744 1446 806 pro
1466 724 1589 786 remediis

313 816 491 876 animarum
515 819 695 874 nostrarum
717 832 753 874 ac
774 816 917 876 omnium
933 817 1169 896 progenitorum
1185 820 1365 877 nostrorum
1380 815 1448 877 iure
1463 819 1589 897 perpetuo

313 903 513 987 possidenda,
539 902 803 966 abrenunciantes
829 923 884 986 pro
912 905 1003 967 nobis
1029 911 1059 967 et
1085 904 1235 967 omnibus
1263 904 1468 968 coheredibus
1493 905 1589 966 nostris

312 993 511 1077 presentibus
533 997 563 1055 et
583 993 699 1056 futuris
722 993 871 1056 onrrrihus
893 994 1026 1074 iuribus
1046 995 1208 1078 ohsequiis
1229 1001 1260 1057 et
1279 994 1472 1074 utilitatibus,
1491 1014 1543 1077 que
1560 996 1588 1056 in

312 1085 429 1148 eisdem
461 1083 553 1146 bonis
586 1082 678 1145 nobis
709 1084 929 1166 competebant
954 1105 1010 1148 seu
1037 1091 1165 1169 possent
1191 1091 1367 1168 competere
1397 1087 1431 1148 in
1458 1085 1592 1162 loturum,

312 1195 407 1259 super
435 1193 498 1255 quo
528 1192 656 1256 presens
683 1175 833 1256 scriptum
856 1176 933 1257 ipsis
955 1175 1100 1238 dedimus
1122 1174 1225 1256 sigillo
1245 1181 1352 1238 nostro
1373 1174 1500 1238 fideliter
1515 1174 1592 1236 roho

312 1270 425 1328 ratum.
467 1263 570 1346 Super
598 1263 745 1345 predictis
773 1266 871 1327 eciam
900 1266 1039 1346 sigillum
1063 1272 1094 1328 et
1115 1265 1234 1327 litteras
1255 1265 1375 1327 domini
1396 1266 1490 1328 nostri
1508 1263 1594 1326 Hein-

311 1357 367 1418 rici
388 1355 513 1416 contitis
534 1354 572 1415 de
591 1353 795 1435 Biobelingen
818 1355 1025 1419 obtinuerunt
1047 1356 1085 1417 de
1106 1361 1214 1418 nostra
1235 1355 1397 1418 voluntate
1417 1357 1549 1418 unanimi
1567 1363 1596 1418 et

311 1464 477 1508 consensu.
519 1447 636 1506 Actum
664 1449 695 1507 et
716 1445 824 1508 datum
845 1465 928 1507 anno
950 1447 1069 1508 domini
1091 1453 1337 1523 wodenio,
1364 1448 1398 1507 in
1426 1447 1500 1508 leste
1523 1445 1597 1508 beati

311 1535 433 1599 lacobi²
459 1535 599 1617 apostoli.
639 1534 746 1597 Testes
775 1535 871 1597 huius
900 1541 974 1598 sunt
1004 1535 1119 1597 fraterb
1148 1533 1312 1598 Conradus
1339 1535 1442 1598 dictus
1463 1534 1597 1597 Isenhutt

312 1627 460 1708 magister
486 1627 573 1688 curie
594 1627 627 1687 in
649 1625 749 1703 Vber,
775 1625 870 1688 frater
893 1624 1062 1688 Heinrious
1090 1624 1193 1686 dictus
1216 1624 1254 1686 de
1279 1623 1446 1686 Vileborn‘l
1467 1623 1600 1687 cellarius

309 1718 435 1794 ibidem,
455 1715 664 1777 Theodericus
686 1714 1031 1798 dictnslandtgrarius
1053 1719 1083 1778 et
1103 1713 1260 1776 Rudolfus
1282 1714 1386 1776 dictus
1407 1713 1601 1776 deTuntzen-

310 1808 411 1870 husen
434 1813 465 1868 et
486 1807 538 1868 alii
559 1804 621 1868 fide
643 1806 740 1888 digni.

379 1949 550 2018 aIacopiT
617 1939 747 2002 biratres
766 1947 796 2002 D
866 1947 1020 2018 t'ysenhud
1039 1946 1069 1999 D
1140 1936 1279 2000 dvilborn
1299 1946 1329 1999 D
1447 1965 1448 1970 ¹

830 2113 1081 2121 ———

311 2163 415 2244 1317.
444 2161 608 2257 Arrgust
621 2163 684 2242 10.
1519 2165 1607 2248 472.

388 2305 516 2370 Johaau
547 2305 582 2367 ia
611 2305 878 2387 Oanuawurf(?l‚
911 2307 1006 2386 liupo
1035 2309 1072 2371 ia
1104 2308 1303 2372 Bulthuusen
1334 2310 1404 2372 und
1433 2309 1484 2371 die
1513 2309 1612 2373 Sb'hare

348 2398 567 2460 Heiuemanns
577 2416 636 2458 oon
647 2395 851 2460 Herbatebeu¹
862 2397 1035 2478 veritoufen
1046 2399 1115 2462 dem
1126 2399 1253 2462 Klosler
1265 2398 1373 2480 Plbrte
1381 2400 1439 2479 sii-r
1452 2401 1612 2480 10Pfuad

347 2489 499 2568 Erfurter
521 2486 676 2567 I’feunipe
698 2491 718 2550 3
738 2487 823 2567 lldfe
845 2487 914 2549 aad
929 2486 964 2565 je
990 2492 1031 2551 17
1052 2490 1171 2553 Aecher
1190 2491 1226 2552 r'a
1248 2490 1308 2552 den
1329 2489 1397 2551 daei
1418 2488 1549 2551 Feldean
1570 2510 1612 2551 aaa

349 2577 549 2652 hhdelebca‚²
569 2576 679 2639 aoelcbe
699 2577 830 2639 Bcrtotd
850 2597 909 2638 con
932 2576 1145 2642 Nordbausen
1165 2599 1225 2642 con
1245 2579 1340 2641 idaeo
1360 2597 1402 2641 aa
1424 2578 1526 2642 Ledaea
1545 2578 1616 2654 hot,

347 2669 416 2729 erud
441 2667 598 2729 bandiera
619 2667 737 2728 Aeclcer
757 2666 898 2742 duselbst,
921 2667 1030 2729 welche
1051 2666 1235 2730 Hortatorem
1251 2667 1395 2732 Oluaoens
1418 2671 1530 2730 (lah-ia
1553 2689 1617 2730 run

350 2759 443 2819 thucca
465 2757 514 2818 als
536 2756 742 2837 Leibpede'npe
761 2756 825 2832 lact,
845 2758 902 2818 mit
924 2759 980 2819 der
1001 2757 1236 2838 Besticnmunp,
1264 2757 1340 2820 class
1364 2758 1411 2820 sie
1435 2757 1516 2820 noda
1544 2757 1618 2820 oleru

351 2845 432 2908 abde
452 2847 507 2908 dcc·
526 2848 774 2926 repetandam
796 2847 937 2910 Besitaer
957 2867 1001 2910 un
1023 2850 1083 2911 clas
1103 2848 1230 2911 Ktoster
1250 2848 1429 2928 eiberpeben.

457 2981 589 3034 ildariam:
611 2981 701 3036 T168.
732 2972 823 3036 D74¹¹
843 2981 1009 3050 (titvehre)
1028 2984 1076 3038 mit
1096 2984 1231 3036 mordeam
1249 2981 1425 3051 Kdraampeu.

456 3073 567 3128 Druck:
585 3074 723 3129 Deatsch:
745 3076 831 3142 Wolff
844 3075 886 3142 Π,
906 3079 965 3129 370.

389 3207 547 3271 Omnibus
569 3207 684 3271 Christi
704 3208 851 3272 fidelibus
871 3227 1002 3291 presens
1023 3210 1174 3291 scriptum
1193 3209 1391 3292 inspecturis.
1431 3207 1500 3272 Nos
1519 3208 1625 3272 lohan

307 3298 339 3358 in
363 3297 506 3374 Oanbur,
531 3318 590 3361 nos
617 3297 713 3380 Hugo
741 3300 774 3362 in
803 3299 1017 3362 Ballenhnsen
1044 3305 1075 3362 et
1106 3318 1164 3362 nos
1190 3298 1248 3361 filii
1276 3298 1514 3363 Heinemanni¹
1544 3299 1627 3362 dicti

307 3387 345 3449 dc
366 3387 630 3452 Heruersleiben¹
658 3391 914 3471 recognoscimus
943 3394 974 3451 et
1000 3393 1108 3452 tenore
1138 3389 1336 3470 presencium
1363 3388 1493 3471 publice
1517 3399 1628 3470 prote-

307 3485 435 3559 stamur,
457 3479 540 3562 quod
563 3479 690 3541 domino
712 3479 842 3542 Alberto
864 3478 968 3542 abbati
990 3484 1020 3540 ct
1042 3498 1100 3541 sno
1125 3479 1296 3542 conventui
1318 3479 1351 3540 in
1375 3477 1471 3540 Porta
1495 3477 1629 3540 ordinis.

306 3568 522 3631 Cisterciensis
549 3569 752 3631 vendidimus
775 3589 831 3652 pro
860 3570 966 3632 decem
988 3570 1115 3632 talentis
1135 3568 1376 3632 Erfordensium
1400 3568 1631 3633 denariorum.

305 3678 384 3741 quos
405 3657 496 3720 nobis
516 3659 549 3721 in
570 3665 675 3741 parato
699 3663 927 3741 persolverunt,
947 3658 1075 3721 invilla
1096 3662 1127 3722 et
1147 3659 1181 3721 in
1203 3678 1312 3742 campo
1328 3657 1630 3740 Eyboldelcybenb

305 3755 367 3812 tres
394 3750 498 3811 etuias
525 3768 582 3811 seu
608 3768 697 3812 areas
723 3755 753 3812 et
779 3749 886 3813 docem
916 3753 947 3811 et
975 3753 1091 3830 septem
1120 3750 1230 3829 iugera
1260 3751 1327 3812 sive
1359 3769 1454 3831 agros
1485 3751 1523 3812 iu
1560 3753 1630 3810 tres

304 3859 448 3922 campoS,
473 3839 556 3921 qnod
579 3840 674 3921 vulgo
697 3839 812 3902 dicitur
833 3839 1037 3919 veldeglich0,
1064 3839 1097 3901 id
1125 3845 1172 3901 est
1198 3839 1433 3922 qninquaginta
1456 3846 1491 3903 et
1515 3855 1629 3902 unum

304 3948 360 4011 per
380 3935 443 3991 tros
465 3948 602 4012 eampse,
622 3939 653 3992 et
674 3931 785 3993 salices
807 3929 845 3992 ad
866 3930 993 3992 eosdem
1014 3929 1206 4012 pertinentes
1228 3949 1302 3992 cum
1322 3932 1422 4011 pratis
1439 3935 1472 3993 et
1490 3929 1633 4013 pascuis

303 4027 334 4083 et
355 4021 424 4081 aliis
447 4020 649 4102 appendiciis,
671 4038 807 4102 quorum
829 4019 987 4082 bonorum
1008 4021 1060 4082 ius
1079 4020 1278 4102 proprietatis
1304 4019 1343 4081 ad
1371 4039 1432 4082 nos
1458 4021 1633 4082 haetenus

302 4111 462 4194 pertinuit.
504 4109 573 4186 Qus
595 4111 723 4194 quidem
744 4109 1032 4174 bonaBertholdus
1053 4110 1156 4172 dictus
1178 4108 1409 4173 deNorthnscn
1433 4103 1632 4193 opidanusd

302 4201 443 4264 eiusdem
466 4201 540 4263 ville
561 4221 580 4262 a
600 4199 693 4262 nobis
714 4201 746 4262 in
769 4199 859 4264 feodo
881 4200 983 4279 habet
1010 4201 1064 4283 qui
1088 4199 1164 4283 quia
1182 4217 1382 4284 successores
1403 4195 1632 4262 hereditarios

301 4311 365 4353 non
396 4289 505 4372 habet,
537 4291 700 4368 telumue,
731 4297 767 4354 ut
796 4298 866 4374 post
894 4297 1027 4354 mortem
1059 4291 1160 4372 ipsius
1190 4289 1230 4352 ad
1256 4289 1412 4371 predictos
1446 4287 1633 4367 religiosos

301 4383 480 4444 racaoionis
508 4383 576 4444 iure
608 4385 783 4460 transeant,
811 4382 894 4443 siout
918 4382 955 4444 ad
979 4399 1036 4444 nos
1057 4381 1191 4444 transire
1213 4379 1378 4456 deberent,
1405 4385 1436 4443 et
1456 4367 1634 4460 quicquid

301 4471 393 4534 nobis
422 4473 501 4534 iuris
530 4477 636 4555 posset
665 4472 774 4534 cedere
800 4471 832 4533 in
860 4470 989 4539 eisdem.
1031 4470 1110 4533 Item
1138 4470 1230 4533 dictis
1251 4469 1407 4551 religiosis
1428 4463 1635 4530 uendidisse

301 4579 359 4623 nos
387 4563 641 4643 recognoscimur
669 4562 811 4644 quinque
837 4561 947 4642 iugera
974 4564 1042 4623 sive
1068 4579 1161 4642 agros
1187 4561 1220 4623 in
1248 4559 1357 4624 eodem
1384 4575 1500 4642 campo
1533 4553 1633 4624 silos,
