3392 5150
586 429 791 490 Num-285.
812 431 886 487 1289.
1338 425 1392 482 283

95 582 333 666 appensionibus
355 581 496 649 roborari
519 587 551 646 et
574 584 764 666 rescriptum
790 583 860 646 eius
880 583 912 644 in
937 581 1074 644 armario
1096 580 1256 643 communi
1278 579 1387 664 reponi

94 672 233 750 lecimus
263 680 299 736 ut
327 691 369 736 ex
401 673 460 736 hoc
490 675 585 736 vivax
617 675 657 737 sit
689 675 841 736 memoria
869 677 901 734 et
931 671 1110 754 perhennis.
1156 669 1275 734 Datum
1306 688 1389 731 anno

95 761 207 824 domini
230 771 457 840 Mtfflxxlx,
478 764 510 825 in
532 763 584 826 die
605 763 771 826 beatorum
792 761 919 845 Septem
941 763 1084 824 fratrum.

157 897 167 922 ¹¹
187 902 398 978 comparaverat
416 901 524 966 erptiam
542 897 612 950 noch
632 895 745 950 mma
817 889 939 949 ”simila
957 894 986 950 D

99 1169 208 1250 lasa.
234 1167 330 1254 Juh
355 1168 414 1249 ll.
1297 1167 1390 1252 285.

166 1311 231 1377 Dic
251 1301 330 1377 rlblc
350 1311 514 1396 Dsr'lmar]
540 1333 598 1376 von
628 1312 838 1389 Wallrcnried‚
860 1311 1055 1396 Jlohonnes]
1082 1334 1139 1377 vcra
1168 1311 1391 1377 Sittiahenbach

129 1405 198 1468 rand
227 1404 393 1480 raptatae]
414 1423 472 1467 oon
495 1403 702 1484 Georpenlhal
721 1404 882 1482 bcrichtm,
905 1403 979 1466 dass
1001 1404 1047 1466 sie
1065 1423 1124 1468 oon
1146 1404 1214 1467 dem
1235 1405 1314 1468 Aba
1333 1423 1391 1467 oon

132 1493 324 1576 Altcnkomp
349 1493 394 1558 bei
423 1493 619 1575 Gelapmheit
642 1493 695 1558 des
723 1493 992 1582 Generpllcapitcla
1016 1495 1051 1556 in
1082 1494 1266 1560 cistercium
1293 1493 1393 1556 demit

128 1584 315 1664 deceptrcpt,
338 1583 427 1646 einen
439 1581 533 1646 eirea
549 1583 699 1646 armachan
720 1585 780 1648 den
802 1583 902 1648 storea
923 1582 1098 1665 Dsieaa'ca]
1118 1603 1177 1648 von
1199 1582 1305 1665 Psortc
1324 1583 1393 1645 aad

129 1674 316 1757 Hleimitdal
357 1695 414 1737 oon
450 1673 643 1752 Reifcnsteie
673 1674 747 1737 tiber
780 1673 840 1736 den
872 1675 967 1756 Laus
992 1675 1045 1738 des
1077 1673 1299 1738 Sclaombacbcs
1327 1672 1392 1756 [bei

129 1763 344 1842 Sclrwcratedt]
369 1783 410 1828 aa
437 1761 619 1838 schlichten,
647 1763 693 1826 bei
723 1763 792 1826 den
821 1761 1028 1844 Unaeruadpen
1057 1765 1123 1828 dias
1142 1762 1332 1844 selbstdndip
1352 1781 1392 1824 aa

130 1855 219 1930 ibam
247 1857 287 1918 12
309 1853 578 1924 Schicdsrichierm
606 1853 663 1932 fiir
681 1853 754 1932 jede
774 1853 881 1916 Partci
904 1859 936 1929 6,
966 1855 1017 1916 die
1046 1852 1282 1932 Entschcidurap
1308 1853 1392 1916 aber-

132 1947 242 2024 tropen
264 1943 363 2007 haben
384 1943 453 2006 aaa
472 1943 685 2022 verkdrulipen
705 1942 774 2005 aad
795 1942 961 2023 testamen
985 1945 1079 2006 deren
1102 1943 1231 2024 Spruclr.

240 2077 375 2134 narem:
403 2081 447 2135 Or.
472 2079 547 2149 Pcrp.
570 2081 620 2134 mit
641 2081 688 2134 der
706 2079 787 2134 Notis
809 2082 865 2147 aas
885 2080 932 2134 der
952 2081 1108 2134 Rickaeitc:
1132 2095 1215 2150 super
1239 2076 1392 2148 tirampach

290 2159 319 2212 in
339 2159 477 2214 Sverstete
495 2177 546 2214 oon
561 2161 750 2230 phichzcitiper
768 2159 863 2218 Hand.
888 2165 905 2214 6
923 2160 968 2228 Sp.
989 2160 1036 2214 olet
1055 2151 1122 2214 dae
1139 2177 1190 2213 von
1214 2157 1392 2222 Walamried,

297 2238 452 2308 Volkerode,
473 2240 576 2308 Herm,
595 2241 790 2295 Sitticheuhoch
819 2241 922 2308 (setall),
942 2240 1119 2308 Georpcathol
1143 2237 1201 2291 mad
1221 2237 1393 2305 Rciscustain,

288 2317 342 2375 Nr.
363 2324 379 2372 1
403 2319 462 2373 mid
488 2325 506 2374 3
534 2337 584 2374 ceu
609 2327 722 2389 manem
755 2321 866 2386 Wacha,
902 2321 977 2374 mehr
1006 2319 1069 2374 oder
1100 2317 1206 2372 minda
1237 2315 1392 2386 maudut.

290 2397 456 2468 Mopdebarp
474 2399 513 2454 St.
534 2401 567 2453 A.
587 2401 752 2467 Raiseaatain
771 2399 824 2453 Nr.
835 2403 876 2457 54.

246 2511 421 2582 Uepedrucht.
459 2512 519 2583 -Vpl
542 2513 663 2581 Kraihuc,
684 2515 851 2582 Moriafclder
875 2515 932 2569 ΠΒ.
952 2519 1010 2569 433.

167 2646 237 2710 Nos
255 2647 371 2710 iratres
392 2645 601 2729 D[ithn1arus]
623 2649 661 2712 de
684 2639 913 2728 Walhemide,¹
933 2645 1116 2728 lothannesl
1144 2649 1182 2711 de
1205 2647 1340 2730 Sychem
1363 2654 1394 2710 et

88 2733 256 2816 iilithelo]
279 2735 422 2800 doilalle
444 2737 526 2800 beati
545 2737 651 2800 (leoni
674 2738 748 2800 dicti
771 2738 901 2802 abbates
924 2740 1081 2801 universis
1097 2738 1211 2802 Christi
1235 2737 1393 2811 fidelibus,

86 2824 124 2886 ad
149 2845 233 2906 sparos
255 2845 385 2908 presens
406 2827 558 2909 scriptum
580 2829 769 2910 pervenerit,
791 2829 937 2912 cupimus
958 2848 1027 2890 esse
1050 2834 1177 2899 notum,
1200 2827 1299 2908 qtrod.
1320 2846 1392 2888 cnm

87 2933 144 2995 per
172 2914 335 2994 quandam
363 2914 519 2978 incuriam
545 2916 721 2998 neglectam
749 2917 832 2980 inter
859 2917 1073 2980 venerabilem
1097 2917 1261 2980 dominum
1282 2914 1394 2996 lhl‘ee-

86 3000 246 3084 dericum]
269 3003 414 3068 abbatem
426 3005 611 3070 Portensem
635 3027 676 3070 en
699 3027 762 3070 una
781 3013 813 3071 et
834 3007 997 3070 dominum
1013 3003 1226 3086 Hlpeinricuml
1248 3005 1391 3068 abbatem

86 3093 124 3155 de
157 3093 379 3175 Ryphenstein
412 3115 453 3158 ex
484 3100 571 3178 parte
603 3096 702 3160 altera
731 3117 827 3179 super
859 3103 963 3160 meatu
996 3095 1163 3160 ctrinsdanr
1195 3095 1305 3164 rir‘uli.
1338 3096 1390 3176 qui

87 3182 594 3266 vulgodicitu1·Scambach,lis
617 3191 805 3260 verteretur,
833 3186 974 3250 eiusdem
1006 3185 1069 3248 litis
1096 3185 1251 3248 discussio
1275 3185 1305 3246 in
1330 3185 1393 3267 ple·

86 3273 178 3335 naria
201 3277 354 3354 potestate
377 3274 469 3338 nobis
492 3281 653 3356 tamqnam
676 3275 803 3338 arbitris
823 3295 863 3338 es
886 3294 1044 3338 consensu
1066 3276 1208 3358 parcium
1227 3295 1242 3336 a
1264 3294 1394 3338 reuera·

85 3359 141 3423 hili
177 3360 308 3424 domino
341 3361 508 3446 Campensi
541 3365 710 3430 commissa
741 3365 803 3427 init
834 3365 863 3426 in
898 3364 1061 3444 Opstercio
1093 3371 1233 3446 tempore
1264 3363 1393 3446 capituli

84 3450 258 3532 generalis.
302 3451 403 3527 Quam
429 3452 517 3516 litem
539 3473 612 3517 curn
633 3473 690 3537 per
711 3473 770 3518 nos
791 3475 847 3536 pro
872 3455 1037 3535 utriusque
1060 3454 1157 3536 partis
1177 3455 1394 3535 competeneia

85 3561 152 3602 uon
176 3559 344 3624 possemus
364 3541 544 3623 aliqualiter
566 3544 748 3620 terminare,
776 3545 919 3626 utrisque
949 3544 1091 3626 partibus
1116 3543 1394 3607 consencientibus

82 3630 264 3712 predictam
283 3628 370 3692 litem
386 3632 618 3696 tenninandam
638 3632 713 3695 viris
734 3632 904 3696 duodecim
921 3633 1070 3716 providis,
1092 3633 1225 3696 maturis
1244 3653 1280 3696 ac
1297 3633 1393 3694 trene-

82 3721 151 3794 stis
176 3739 234 3784 sex
255 3717 405 3782 videlicet
427 3721 534 3803 gracia
553 3721 652 3803 partis
671 3721 767 3784 unius
788 3725 820 3784 et
841 3720 972 3784 totidem
991 3741 1032 3784 ex
1053 3729 1142 3805 parte
1160 3722 1299 3800 alterius,
1320 3740 1394 3804 sepe

81 3807 171 3872 dicte
189 3806 255 3871 litis
276 3807 401 3890 plenam
425 3810 643 3892 cognicionem
665 3810 864 3888 habentibus
885 3811 916 3872 in
941 3831 1014 3874 saras
1030 3811 1247 3875 conscienciae
1263 3811 1393 3874 commi-

82 3899 192 3962 simus
216 3897 415 3980 integraliter
439 3905 471 3962 et
496 3900 529 3962 in
554 3904 628 3962 toto.
670 3899 732 3976 Qui
757 3920 832 3963 cum
858 3900 941 3962 bona
966 3920 1056 3964 more
1083 3921 1119 3963 ac
1141 3907 1264 3964 maturo
1287 3900 1393 3964 habito

80 3986 224 4051 consilio
253 4006 365 4052 omnes
389 4007 485 4054 cause
515 3991 775 4054 circumstanoias
802 3996 1031 4072 pertractantes
1058 3991 1183 4054 tandem
1207 3991 1392 4053 informem

79 4077 335 4160 composicionis
365 4077 576 4160 subscriptam
604 4079 795 4142 unanimiter
821 4086 1053 4143 consenserunt
1084 4085 1276 4158 asserentes,
1308 4081 1394 4159 quod

80 4169 198 4232 dictus
218 4167 343 4230 rivrrlus
365 4175 502 4232 meatum
526 4189 629 4246 suum,
652 4189 746 4250 quem
770 4169 877 4232 multis
899 4171 1063 4232 retroactis
1084 4169 1280 4252 temporibus
1304 4169 1396 4232 iuxta

79 4258 264 4320 multorom
293 4257 543 4322 affirmacionem
572 4257 697 4336 habaiu
729 4261 880 4342 deinceps
907 4257 1122 4340 quorumlibet
1146 4257 1394 4321 contradictione

80 4347 266 4432 postposita
292 4346 407 4411 debeat
432 4347 584 4412 obtinere.
626 4349 718 4412 Hanc
748 4369 823 4431 ergo
846 4349 1146 4412 determinacioucm
1175 4347 1395 4430 approbantes

79 4459 140 4521 pro
177 4437 343 4500 communi
368 4437 438 4500 iure
467 4439 565 4520 partis
598 4439 763 4519 utriusque
792 4437 945 4521 prelibata
974 4438 1022 4500 liti
1045 4438 1143 4499 finem
1166 4437 1318 4516 inponere
1340 4457 1395 4500 cu·

80 4529 230 4611 pientes,
261 4526 449 4590 auctoritate
483 4525 575 4590 nobis
605 4529 774 4590 commissa
801 4533 863 4589 tam
889 4527 927 4590 de
949 4527 1043 4591 Porta
1068 4544 1163 4606 quam
1185 4525 1223 4588 de
1245 4525 1396 4608 Rpphen·

78 4619 168 4684 stein
197 4614 365 4680 abbatibus
385 4615 588 4701 precipiendo
609 4616 841 4691 mandavimus,
862 4620 992 4680 utente
1013 4617 1136 4680 instans
1156 4616 1271 4678 festum
1295 4619 1395 4680 sancti
