3390 5148
304 375 358 432 284
684 375 910 432 Urkundeubueh
928 375 977 432 dea
995 376 1120 432 Klosters
1138 376 1241 434 rame.

303 529 458 591 maturior
488 535 555 592 etas
586 531 617 591 in
650 531 718 612 ipso
748 531 920 610 sumpserit
950 529 1196 600 incrementum,
1232 530 1363 612 insuper
1398 529 1596 611 astringentes
1686 536 1687 599 i

305 635 338 680 se
361 617 517 696 omnibus,
539 621 595 700 qui
615 619 768 702 prefatam
790 618 1013 682 vendicionem
1029 617 1601 702 emptionemvePertensiumhostih

304 705 364 770 bus
387 709 594 789 querimoniis
613 710 765 792 impetere
787 728 842 772 seu
855 709 1017 772 infirmare
1028 707 1259 791 temptaverint,
1281 707 1500 772 satisfacturos
1515 707 1600 770 rebus
1685 707 1686 730 ³

304 797 438 879 propriis
474 803 507 860 et
538 817 745 881 responsuros
776 798 816 860 ud
848 797 986 881 singula,
1022 817 1083 878 que
1116 817 1211 880 super
1243 797 1372 879 prelatis
1404 797 1496 860 bonis
1527 796 1600 859 obiri

304 891 432 967 possent
456 887 487 948 in
517 887 675 960 futurum,
706 907 745 950 ne
774 907 847 971 sepe
879 887 962 950 dicte
988 885 1121 950 ecclesie
1151 886 1295 950 Pertonsi
1326 887 1476 951 videlieet
1506 893 1602 970 empto

304 976 461 1058 possessio
483 977 513 1038 in
539 977 603 1040 ullo
624 977 871 1060 perturbationis
893 995 1009 1059 genere
1030 977 1229 1060 percellatur.
1264 977 1370 1041 Huius
1392 976 1601 1058 obhgationis³

304 1071 399 1128 testes
426 1072 501 1129 sunt
526 1067 695 1130 Bertoldus
724 1068 823 1150 Papa,
850 1067 1033 1131 Gerhardus
1062 1065 1100 1130 de
1130 1065 1237 1144 lireio,
1259 1065 1428 1129 Ouuradus
1450 1063 1557 1129 Costa¹
1574 1071 1600 1128 et
1685 1091 1686 1146 j

304 1153 356 1217 alii
386 1175 480 1236 quam
508 1157 615 1240 plures
642 1158 675 1219 in
705 1157 878 1221 Owerstete
901 1157 1084 1220 residentes.
1127 1156 1276 1220 Preterea
1298 1175 1354 1219 sex
1376 1156 1488 1237 iugera
1509 1155 1600 1236 ligno·

304 1263 373 1306 rum
401 1251 432 1307 et
453 1246 583 1309 totidem
605 1247 715 1329 iugera
736 1254 857 1310 annno⁸
874 1245 1060 1318 excolenda,
1086 1265 1148 1327 que
1171 1247 1230 1309 sita
1251 1253 1326 1308 sunt
1347 1245 1430 1308 circu
1452 1244 1598 1316 silvulam,

305 1353 366 1414 que
394 1333 524 1399 Lindelo
553 1344 770 1420 nuncupatur,
799 1335 837 1398 ab
859 1335 975 1399 Iacobo
995 1341 1027 1398 et
1047 1334 1124 1398 filiis
1145 1335 1214 1398 eius
1235 1334 1388 1398 Heinrieo
1415 1335 1466 1398 eth
1492 1332 1597 1398 laeebo

304 1428 335 1484 et
356 1423 512 1488 Gristiano
534 1432 566 1489 et
587 1426 792 1490 fratruelibus
813 1425 882 1489 eius
896 1426 1049 1488 Heinrico
1071 1430 1103 1488 et
1122 1425 1316 1488 Theoderico
1335 1431 1367 1487 et
1388 1423 1458 1485 aliis
1480 1423 1598 1486 cohere-

304 1512 397 1576 dibus
421 1515 530 1578 suisin
544 1515 636 1580 Sulae
657 1517 815 1599 prefatum
838 1515 1007 1578 cenobium
1029 1515 1232 1597 comparavit,
1254 1531 1316 1594 que
1331 1512 1598 1594 videlicetiogera
1685 1517 1686 1524 ’

305 1621 366 1664 non
394 1603 498 1667 solum
525 1605 596 1677 ista,
625 1604 681 1668 sod
709 1611 740 1668 et
761 1605 867 1666 omnia
889 1623 983 1686 supra
1005 1603 1102 1678 dicta,
1128 1602 1273 1665 hominos
1293 1601 1516 1664 universaliter
1535 1619 1597 1683 pre·

305 1693 403 1755 taxati
426 1693 464 1756 ab
486 1694 620 1757 ecclesia
640 1700 748 1757 nostra
764 1693 907 1758 Sulcensi
931 1693 1051 1756 seilicet
1069 1693 1138 1756 iure
1152 1691 1341 1756 hereditario
1356 1699 1487 1754 actenus
1501 1708 1598 1772 posso-
1685 1691 1686 1722 ³

309 1782 445 1858 dei-uult
473 1783 513 1846 ad
542 1803 676 1865 querum
708 1785 896 1867 peticionem
922 1789 953 1846 et
981 1782 1192 1845 voluntariam
1217 1782 1296 1844 iuris
1322 1781 1460 1864 propriil
1491 1797 1599 1842 renun-

304 1873 477 1935 ciacienem
496 1878 527 1936 et
548 1874 739 1936 coheredum
764 1893 894 1936 suorum
918 1892 975 1934 nes
996 1870 1211 1947 caulemboua,
1233 1870 1599 1951 videlicetomniasupm

303 1961 395 2041 dicta,
417 1981 488 2024 eum
513 1963 579 2025 suis
605 1964 778 2027 attinentiis
804 1961 998 2026 contulimus
1026 1960 1159 2024 cenobio
1178 1959 1324 2023 Portensi
1350 1963 1382 2021 et
1402 1955 1548 2020 tratribus
1570 1957 1599 2018 in

303 2051 469 2115 Gernstete
492 2051 707 2116 habitantibus
733 2053 845 2116 eodem
872 2053 940 2113 iure
963 2049 1111 2113 videlicet
1132 2049 1321 2112 hereditario
1339 2051 1490 2131 perpetuo
1507 2045 1600 2129 possi-

303 2139 416 2220 denda,
437 2160 475 2204 eo
498 2141 583 2221 quod
605 2143 739 2205 ecclesia
761 2141 923 2204 Portensis
944 2140 983 2202 ud
1008 2139 1204 2202 solucionem
1226 2139 1324 2200 annui
1345 2155 1461 2201 census
1482 2143 1547 2199 xet
1563 2145 1602 2198 lx

305 2229 479 2292 solidorum
509 2229 670 2294 Sulcensis
702 2239 842 2308 monete,
873 2240 899 2293 X
927 2229 1119 2292 modiorum¹
1145 2229 1297 2292 frumenti
1325 2234 1357 2291 et
1383 2237 1408 2290 X
1437 2226 1602 2309 pullorum,

302 2318 370 2399 ipso
399 2338 455 2400 por
483 2325 588 2401 partes
614 2319 719 2384 taliter
746 2320 928 2386 distributo.
963 2318 1048 2400 quod
1075 2319 1109 2380 in
1136 2318 1217 2380 festo
1246 2316 1430 2399 Walpurgis
1459 2321 1601 2378 octavum

231 2439 233 2444 =
303 2407 470 2470 dimidium
501 2407 651 2488 solidum,
689 2411 722 2472 in
751 2410 831 2474 festo
862 2407 1048 2471 Michahelis
1079 2417 1119 2470 XI
1150 2407 1269 2469 solidos
1300 2411 1332 2468 et
1361 2405 1542 2473 dimidium,
1578 2413 1603 2465 X

302 2496 451 2560 modiesm
471 2498 624 2562 frumenti
645 2507 675 2562 et
697 2500 806 2562 decem
828 2496 933 2581 pullos
954 2497 1046 2560 nobis
1067 2497 1210 2559 conferat
1227 2495 1266 2559 de
1283 2495 1450 2558 Gerustete
1472 2491 1605 2575 singulis

302 2587 407 2660 arinis,
438 2607 471 2650 se
498 2589 564 2651 suis
590 2589 702 2652 litteris
729 2588 888 2671 obligavit.
931 2587 1011 2650 Cum
1032 2587 1129 2668 igitur
1145 2586 1298 2669 prefatam
1320 2585 1511 2667 emptionem
1532 2584 1606 2646 rati-

301 2675 461 2739 ficandam
483 2677 671 2742 duxerimus
690 2684 722 2741 et
743 2677 988 2761 approbandam,
1005 2683 1036 2739 et
1058 2695 1097 2738 ne
1119 2695 1192 2758 sepe
1215 2673 1444 2737 dictaeoelesia
1458 2673 1607 2756 inposte-

302 2785 373 2827 rum
404 2765 606 2847 nliquateuus
644 2767 844 2844 molestetur,
880 2773 1057 2849 presentem
1089 2765 1235 2847 paginam
1269 2763 1373 2826 eidem
1405 2763 1608 2846 perreximus

302 2855 478 2936 sigillorum
500 2861 680 2920 nestrorum
705 2859 879 2920 munimine
903 2855 1088 2918 roboratam.
1118 2855 1201 2916 Acta
1222 2860 1297 2918 sunt
1310 2853 1369 2916 hee
1387 2871 1472 2916 anne
1486 2851 1610 2916 domini

301 2953 579 3014 M⁰ce⁰hxx⁰1⁰.
607 2967 707 3011 nonas
729 2947 843 3024 luniir,
870 2947 904 3008 iu
926 2945 977 3008 die
1001 2944 1084 3008 heah
1107 2944 1272 3007 Bonifacii.
1313 2943 1420 3006 Huius
1441 2943 1489 3006 rei
1511 2948 1614 3006 testes

302 3042 376 3096 smil
396 3035 602 3099 Hermannus
621 3037 885 3102 ‹lehem-eberat.
909 3035 1080 3098 Heinrieus
1102 3034 1140 3095 de
1163 3032 1348 3115 Senenberg
1369 3033 1495 3107 militae,
1517 3031 1611 3096 Dith·

303 3143 409 3188 marus
436 3124 577 3206 Longus,
608 3127 777 3190 Ounradus
806 3126 979 3202 Thamnus,
1006 3124 1178 3186 Heinrieus
1200 3122 1315 3197 Faber,
1341 3122 1501 3186 Iohannes
1524 3123 1612 3206 apud

302 3217 430 3295 pontem
452 3216 557 3278 etalii
580 3235 675 3297 quam
698 3217 813 3300 plures

371 3349 433 3404 're
451 3349 481 3404 D
542 3343 740 3423 bItegehneen
762 3355 787 3406 T
846 3333 1037 3427 eprorbtante
1055 3349 1084 3404 D
1147 3340 1357 3403 drcuunciaret
1378 3349 1403 3401 Τ
1465 3347 1615 3419 'oblega-

302 3427 384 3482 tionis
405 3429 434 3483 D
490 3420 590 3484 'easta
611 3432 636 3484 Τ
685 3431 765 3486 garo
783 3439 845 3488 arat
846 3451 875 3488 ro
833 3433 923 3488 tD
975 3433 1035 3485 hee
1052 3431 1163 3499 fehltT
1217 3421 1421 3500 ¹poesiderunt
1442 3429 1468 3482 T
1515 3422 1616 3502 '‘pro-

301 3513 352 3594 prii
368 3525 442 3658 pprip
463 3527 488 3578 T
527 3507 794 3662 n¹Impdiploruml
814 3531 869 3600 Vpl.
889 3545 1080 3584 mensurarum
1099 3524 1303 3582 modicarum'
1290 3541 1323 3578 aa
1342 3523 1394 3579 Nr.
1403 3529 1458 3580 204
1478 3525 1616 3583 Iaearrten

300 3603 365 3658 ¹¹¹m
405 3621 473 3660 roos
574 3623 622 3662 uu

314 3787 318 3794 Ι
422 3711 515 3772 flam.
557 3709 620 3776 Die
653 3713 761 3795 odllipe
798 3713 1110 3796 Uebecinslimmunp
1152 3714 1185 3776 in
1221 3715 1276 3778 der
1307 3711 1525 3795 anperrreihe
1564 3719 1620 3778 nul

402 3797 463 3863 Nr.
480 3804 551 3866 232
576 3822 634 3865 oon
660 3806 784 3886 Aep2
810 3806 911 3868 macer
939 3825 969 3867 es
989 3801 1253 3882 mohrschelnliob,
1281 3805 1355 3868 deas
1376 3799 1426 3866 aie
1457 3801 1621 3870 Urhum'lc

402 3892 463 3952 erst
482 3891 539 3953 mil
561 3889 696 3956 letalem
714 3913 894 3958 zusammen
914 3891 1091 3974 oospestellt
1110 3892 1157 3956 ist.

839 4057 1076 4066 —2-2-——0-—n-

303 4165 408 4250 1271.
435 4167 531 4250 Juli
558 4171 619 4252 18.
647 4169 907 4270 Naurnhurg.
1534 4179 1621 4264 227.

380 4291 534 4356 Meinber
545 4293 622 4370 [ped.
638 4293 792 4374 Grofooo
805 4293 986 4376 Monsfddl
1007 4292 1194 4375 Dompropst
1213 4315 1254 4360 eo
1276 4293 1474 4379 Nunmbnry
1498 4303 1631 4367 erueret

340 4381 423 4443 scine
447 4381 516 4444 aad
544 4382 599 4444 der
627 4383 756 4461 tibripen
782 4383 912 4447 Brtlder
940 4383 1158 4465 Zostimmonp
1183 4385 1282 4466 duaa,
1304 4387 1380 4449 dosa
1401 4385 1458 4449 thr
1483 4391 1623 4460 Βυταίαν

340 4467 514 4547 Hermann,
543 4469 697 4536 Demherr
714 4493 755 4536 aa
778 4471 974 4552 Neumharp,
1007 4478 1025 4535 1
1051 4473 1181 4554 ane
1171 4495 1205 4538 m
1239 4473 1353 4557 Poppcl
1380 4475 1455 4604 clena
1489 4482 1624 4550 Kloster

344 4557 449 4639 Horae
467 4561 613 4641 verbane
633 4564 701 4627 und
720 4563 897 4644 reperiam
915 4563 978 4630 aar.
