3402 5152
342 396 396 458 360
711 391 942 456 Urlrundcnbucb
962 395 1010 456 dee
1028 395 1154 454 Issosters
1173 395 1276 455 Piorte.

342 553 444 618 omni‘l
468 551 600 616 utilitate
621 557 652 615 et
675 552 782 616 fructu
802 569 891 615 nune
914 551 948 613 in
969 570 1005 614 ea
1026 557 1195 635 apparente
1211 550 1261 614 vel
1280 551 1333 634 qui
1348 549 1464 614 abinde
1479 549 1613 634 provenire
1680 605 1681 608 ,

342 643 577 729 quomodolibet
598 645 710 726 peterit
730 644 764 705 in
785 642 903 722 futuro,
923 643 1121 726 proprietatis
1142 641 1233 706 titulo
1253 647 1403 725 perpetuo
1415 640 1613 725 possidendam.

343 735 385 799 Ut
405 741 511 798 autem
533 735 591 797 hec
609 739 718 797 nostra
739 733 871 796 donacio
892 733 990 796 robur
1009 725 1113 795 debite
1126 731 1284 796 firmitatis
1299 731 1447 812 obtineat,
1467 735 1615 816 presentem

339 826 474 890 litteram
496 825 529 888 in
551 825 768 890 testimonium
785 823 889 906 sigillo
901 828 1018 902 nostro,
1039 843 1102 906 que
1115 824 1327 886 communiter
1343 824 1473 900 utimur,
1494 823 1616 885 dusinus

339 915 560 980 roborandam.
583 913 701 978 Datum
718 933 802 978 anno
819 915 939 976 domini
951 923 1061 992 M⁰CCC
1072 910 1220 989 secundo,
1237 921 1279 975 IX
1293 913 1443 976 kalendas
1453 911 1617 976 Decembris.

413 1030 657 1085 aerlrinbortusD
729 1019 741 1056 ¹¹
760 1027 935 1083 uniuerelsD
988 1027 1240 1098 ⁰ed-seriptum
1258 1028 1365 1096 febltD
1419 1017 1523 1084 “omni
1540 1026 1618 1096 seldtll

313 1241 314 1248 Ν
340 1209 455 1292 1302.
483 1205 724 1290 November
737 1206 803 1287 30.
869 1175 925 1182 „
1556 1206 1618 1286 au.

419 1344 575 1408 neaera
601 1363 660 1406 roe
676 1340 781 1406 'Vesta
801 1341 871 1405 aad
893 1339 1047 1405 Heinrich
1066 1362 1135 1422 pen.
1166 1341 1373 1406 Weidcmaen
1391 1343 1468 1426 [ven
1489 1341 1623 1424 aaran

314 1517 316 1525 y
380 1435 534 1512 alimen,
556 1435 632 1496 dass
652 1434 697 1495 aie
717 1433 786 1496 ctera
793 1431 1039 1516 KlosterPforte
1058 1436 1115 1514 fiir
1137 1437 1178 1498 16
1189 1433 1290 1498 Merlr
1313 1433 1458 1516 2Hasea
1470 1436 1507 1498 in
1520 1434 1623 1500 Grb'bite

382 1527 530 1608 certauit
549 1523 619 1588 aad
640 1523 709 1586 deu
731 1523 869 1604 Biscbof
884 1522 1001 1586 Bruae
1020 1544 1080 1588 von
1097 1522 1287 1606 Naunrbnrp
1313 1524 1514 1606 asperae
1534 1524 1627 1596 belm

378 1616 569 1698 pleicbeeitip
594 1613 694 1704 beben
723 1613 774 1676 dte
799 1613 930 1676 Brrlclcr
957 1613 1129 1678 Heinricbs
1154 1635 1213 1678 eoa
1242 1615 1343 1680 Veste
1359 1616 1427 1696 aas
1446 1615 1527 1678 alles
1549 1613 1625 1677 near

290 1722 291 1726 ’
380 1709 486 1770 derare
506 1703 674 1770 vuamlrtet.
724 1702 789 1783 Vqr.
811 1701 872 1766 Nr.
885 1707 960 1768 368.
1204 1728 1210 1739 ¹

489 1823 626 1877 Hdccba:
647 1821 719 1875 D61
737 1820 796 1874 aad
809 1821 955 1886 nectente,
972 1822 1035 1876 aber
1052 1822 1166 1891 reariyer
1181 1839 1280 1892 peras
1298 1813 1348 1878 87¹³
1366 1825 1419 1890 (at.
1426 1822 1534 1890 Extra).
1554 1822 1575 1874 Τ
1580 1823 1626 1876 173.

490 1915 601 1971 Druck:
622 1912 756 1968 Dattacli:
780 1913 866 1981 Wolff
878 1913 920 1980 H,
937 1917 999 1972 287.

421 2023 488 2089 Nos
517 2023 678 2086 Henricus
716 2019 755 2082 de
781 2017 877 2082 Veste
914 2025 944 2082 et
970 2019 1130 2083 Henrious
1160 2021 1263 2084 dictus
1294 2020 1490 2102 Weydeman
1521 2020 1628 2104 publice

340 2115 599 2197 recognoscimus
620 2131 675 2196 per
696 2115 864 2193 presentes,
893 2107 977 2192 quod
998 2110 1080 2174 duos
1101 2131 1229 2174 mansos
1250 2131 1324 2174 cum
1347 2113 1414 2174 suis
1435 2112 1630 2196 pertinenciis

340 2227 420 2292 quos
449 2208 480 2269 in
506 2202 621 2267 Grebia
650 2200 836 2281 habuimus,
863 2199 990 2262 domino
1022 2199 1127 2264 abbati
1156 2208 1188 2265 et
1212 2203 1382 2265 conventui
1411 2204 1449 2266 de
1471 2202 1564 2266 Porta
1586 2219 1629 2284 pro

340 2299 476 2361 sedecim
499 2295 616 2357 marcis
636 2293 757 2374 argenti
772 2291 831 2353 rite
843 2296 874 2353 et
887 2290 1119 2354 racionabiliter
1131 2293 1343 2366 vendidimus
1367 2312 1462 2375 qtram
1477 2293 1630 2376 pecunim

341 2386 536 2470 integraliter
561 2402 620 2446 nos
641 2382 796 2464 recepisse
817 2379 1003 2462 profitemur
1024 2388 1055 2443 et
1076 2381 1159 2445 bona
1179 2382 1286 2445 eadem
1309 2402 1368 2446 nos
1390 2383 1518 2445 domino
1538 2389 1630 2444 nostro

341 2475 509 2559 B[runoni]
526 2472 774 2554 Nuenburgensi
790 2472 944 2553 episcopo,
965 2491 1063 2554 aquo
1080 2489 1117 2535 ea
1132 2475 1165 2534 in
1182 2473 1272 2535 feodo
1289 2475 1462 2543 tenuimus,
1478 2471 1635 2536 liberaliter

342 2575 373 2631 et
393 2565 570 2630 voluntarie
591 2564 777 2643 resignasse.
805 2559 843 2623 In
866 2562 959 2624 cuius
979 2563 1024 2624 rei
1047 2564 1173 2644 signum
1196 2569 1373 2646 presentem
1395 2563 1530 2626 litteram
1545 2560 1633 2644 sigillo

340 2677 421 2734 uno,
449 2675 512 2738 quo
535 2653 748 2716 communiter
765 2652 815 2713 usi
838 2669 967 2730 sumus,
997 2651 1150 2716 duximus
1172 2652 1392 2718 roborandam.
1431 2652 1498 2716 Nos
1519 2669 1637 2736 quoque

340 2749 444 2812 Busso
465 2745 637 2807 canonicus
657 2739 891 2822 Myssenensis,
917 2739 1102 2820 Heinrions,
1130 2744 1244 2827 Apelo,
1274 2743 1396 2806 Henico
1418 2744 1529 2807 iratres
1551 2761 1636 2824 supra

341 2838 447 2920 scripti
458 2834 601 2897 Heinrici
624 2832 663 2895 de
674 2831 768 2894 Veste
789 2832 876 2893 omni
898 2831 959 2893 iuri
983 2839 1098 2912 nostro,
1121 2833 1204 2916 quod
1222 2853 1280 2896 nos
1295 2835 1326 2895 in
1342 2832 1505 2916 prelibatis
1521 2832 1639 2896 duobus

342 2928 462 2992 mansis
483 2923 655 2987 habuimus
676 2923 727 2985 vel
747 2929 913 3004 conpetere
936 2921 1110 2998 videbatur,
1132 2923 1434 2986 abrenunciavimus
1448 2922 1640 3008 presentibus

340 3007 485 3081 testibus
504 3014 587 3078 infra
618 3014 755 3095 scriptis,
794 3030 930 3093 quorum
959 3011 1018 3074 hee
1045 3019 1121 3076 sunt
1148 3017 1293 3077 nomina:
1333 3012 1499 3077 conradus
1528 3011 1642 3077 unuin.

341 3107 493 3171 albertus
515 3103 623 3166 Kndth
655 3103 693 3165 de
714 3101 887 3180 Pultzhitz,
918 3099 1092 3165 Heinrions
1123 3104 1161 3166 de
1182 3103 1386 3182 Slatbebach,
1418 3103 1587 3166 Bertoldus
1608 3101 1641 3161 de

339 3197 530 3279 Sabidingen
560 3194 689 3270 milites,
724 3191 931 3254 Herniaunus
962 3191 1146 3274 advocatus,
1175 3194 1382 3258 Hermannus
1412 3195 1451 3256 de
1479 3191 1644 3263 Halaecke.

340 3287 500 3351 Henricas
516 3283 568 3346 ‘de
591 3283 688 3346 Veste
709 3281 795 3344 filius
817 3280 992 3344 Burclrardi
1019 3283 1182 3364 militares,
1210 3283 1370 3348 Henrieus
1391 3284 1519 3366 Scyle,
1550 3281 1643 3344 Wolf,

341 3378 475 3453 bardus,
505 3373 689 3436 Bertramus
710 3372 749 3434 de
770 3370 965 3452 Merseburg‚
991 3369 1162 3436 Heinrions
1184 3375 1222 3437 de
1241 3373 1354 3453 Valua,
1377 3374 1536 3437 Iohannes
1563 3372 1643 3434 tilius

341 3467 484 3530 Gozwini
506 3466 591 3526 cives
612 3461 861 3526 io·Wizenuels.
902 3459 1019 3526 Datum
1042 3483 1126 3526 anno
1147 3464 1267 3527 domini
1290 3473 1416 3530 M⁰OOO⁰
1436 3462 1595 3538 seeundo,
1616 3463 1644 3520 in

340 3559 391 3620 die
412 3556 496 3618 beati
517 3553 644 3616 Andree
665 3553 806 3636 apostoli.

410 3672 422 3699 ³
442 3670 556 3740 Shoylro
577 3669 602 3722 Τ

410 3761 493 3814 Aam.
526 3759 580 3812 Die
602 3757 694 3811 beiden
718 3758 998 3828 Vertonfsurlcrmdcu
1019 3758 1071 3812 Nr.
1081 3761 1134 3812 371
1158 3758 1217 3812 aad
1241 3761 1294 3812 372
1317 3758 1381 3812 aina
1405 3761 1455 3827 sar
1473 3759 1570 3826 Psorte
1586 3769 1648 3807 orar-

339 3843 453 3913 pastelli.
472 3841 514 3894 ate
532 3837 582 3892 das
601 3838 709 3892 Kleater
726 3839 769 3892 dre
787 3839 979 3907 Beaiteaapea,
998 3837 1041 3891 die
1057 3855 1084 3892 ar
1101 3841 1220 3906 efferebar
1238 3855 1295 3893 nur
1312 3856 1373 3892 rara
1394 3840 1489 3894 Zreeclc
1505 3837 1653 3905 soforb'qer

348 3922 549 3988 Vertomaro-ny
573 3921 705 3974 erem-een
729 3919 789 3986 bot,
808 3920 879 3973 nacla
899 3919 1015 3972 Nacta
1031 3919 1125 3972 territe
1143 3921 1338 3988 weiterpcpebeo
1356 3921 1412 3978 leot.
1457 3919 1517 3973 Vom
1537 3917 1652 3970 Krosre

341 4005 417 4057 selbot
439 4002 502 4054 sind
524 4001 567 4053 die
590 3999 737 4053 bremae
756 4003 819 4053 tiber
836 4001 879 4052 die
904 3999 1106 4068 Vertauacbrmp
1125 3998 1411 4068 (unnenscare)
1429 3997 1582 4066 olterdinys
1602 4001 1653 4048 ersi

342 4087 417 4136 1303.
437 4083 547 4135 nterea
562 4080 743 4149 anapefertt'yt.

868 4207 1118 4216 fflm--u

342 4258 457 4339 1303.
484 4257 653 4338 ianuar
665 4255 703 4334 4.
1561 4251 1655 4334 372.

426 4391 493 4456 Otto
513 4411 572 4455 verr
597 4391 723 4455 (lrdbr'te
744 4391 910 4468 bairandei,
933 4392 1009 4456 dass
1030 4415 1064 4456 er
1083 4395 1141 4456 mit
1164 4393 1385 4472 Zustimmaap
1405 4392 1502 4455 sanes
1528 4387 1663 4452 Weibcs

381 4482 451 4544 aad
483 4481 597 4544 Soanas
627 4482 695 4544 seia
727 4481 821 4544 Allod
851 4482 887 4542 in
920 4480 1049 4546 Grdbite
1081 4485 1138 4564 fiir·
1169 4490 1212 4548 60
1231 4485 1330 4548 Morte
1354 4504 1398 4546 aa
1430 4483 1487 4548 das
1514 4477 1661 4542 Kloster

384 4570 492 4650 Psorte
512 4570 657 4651 nomast
676 4571 761 4634 trabe.
810 4570 873 4649 Vpl.
895 4569 955 4636 Nr.
968 4575 1043 4638 368.
1119 4647 1125 4656 Ι
