3402 5152
627 427 677 484 Nr.
689 429 748 484 895.
769 429 844 486 leot.
1339 427 1389 482 etv

110 581 210 642 maioris
231 579 382 663 prepositi
408 599 466 644 nec
488 599 551 642 non
574 581 675 644 tocius
696 585 872 646 conventus
894 581 1003 658 nostri,
1023 585 1147 644 matura
1169 579 1392 644 deliberatione

110 669 245 752 prehabita
272 671 542 754 procambivimus
563 691 637 734 cum
659 673 832 736 reverendo
855 672 888 736 in
910 671 1033 735 Christo
1055 669 1183 734 domino
1199 669 1389 736 Theoderico

108 761 196 824 abbate
230 765 261 824 et
297 772 458 826 conventu
493 763 622 826 ecclesie
652 762 813 826 Portensis
845 763 1075 843 cysterciensis
1106 761 1242 840 ordinis,
1280 761 1389 825 Nueu·

109 851 254 934 burgeusis
277 853 434 933 dyocesis,
460 855 492 916 in
520 854 606 916 bunc
628 853 773 916 modum:
803 852 841 915 ln
868 854 978 936 primis
1008 851 1165 934 siquidem
1191 851 1336 915 dedimus
1358 854 1391 915 in

106 942 302 1008 coummbium
326 944 454 1006 domino
474 994 479 1006 .
499 995 505 1006 .
527 942 631 1006 abbati
662 949 693 1006 et
723 945 895 1007 conventui
924 944 962 1007 de
993 942 1088 1006 Porta
1118 941 1275 1019 predictis
1294 951 1390 1006 XXVI

107 1053 225 1114 mansee,
255 1053 392 1116 quorum
421 1053 603 1096 mansorum
636 1043 662 1096 X
689 1034 738 1096 siti
771 1035 902 1098 suntin
930 1053 1009 1116 pago
1038 1032 1111 1096 ville
1132 1030 1326 1110 Brantbech,
1353 1033 1392 1095 de

105 1124 202 1206 quibus
227 1133 255 1188 X
278 1126 398 1188 mansis
426 1123 542 1186 nobilis
570 1125 619 1185 vir
644 1143 749 1188 comes
771 1123 949 1188 Fridericus
973 1123 1012 1186 de
1031 1121 1232 1186 Rabenswalt
1260 1122 1390 1186 anobis

106 1216 226 1297 quinque
248 1234 375 1280 mansos
396 1215 466 1278 iure
489 1214 667 1298 possederat
687 1215 814 1287 feodali,
842 1234 923 1296 quos
950 1212 1077 1296 quidem
1100 1213 1243 1295 quinque
1263 1231 1392 1275 mansos

104 1304 171 1367 idem
194 1353 223 1367 ..
246 1323 351 1368 comes
380 1324 445 1369 una
472 1325 545 1368 cum
576 1304 750 1386 Elyzabeth
781 1323 881 1368 uxore
907 1325 979 1380 sna,
1007 1305 1152 1367 omnium
1179 1303 1331 1366 heredum
1361 1307 1391 1366 et

104 1395 272 1460 coheredum
304 1396 470 1460 accedente
500 1415 673 1475 consensu,
701 1415 757 1479 per
783 1416 857 1460 suas
877 1401 1018 1478 patentes
1039 1395 1158 1458 litteras
1181 1393 1272 1456 nobis
1294 1392 1391 1456 libere

104 1487 271 1566 resignavit,
301 1485 440 1570 reliquos
467 1505 541 1550 vero
573 1488 715 1569 quinque
746 1505 873 1550 mansos
899 1487 1048 1549 dominus
1076 1483 1174 1548 abbas
1201 1533 1234 1546 ..
1263 1488 1294 1546 et
1317 1502 1391 1546 con-

102 1583 199 1639 ventus
229 1576 268 1638 de
297 1573 392 1638 Porta
423 1575 482 1639 sibi
514 1583 763 1659 conparaverant
793 1585 824 1641 et
855 1576 1052 1659 aliquamdiu
1083 1575 1287 1658 possederant
1322 1576 1391 1637 sine

101 1675 263 1730 nostrerum
290 1656 469 1729 testimonio
497 1667 682 1732 litterarum.
724 1667 803 1732 Item
829 1677 897 1730 XVI
920 1685 1047 1730 mansos
1075 1667 1113 1729 de
1142 1665 1228 1728 totali
1256 1683 1389 1728 numero

101 1759 183 1837 priori
213 1757 316 1820 adhuc
345 1756 489 1820 residuos
520 1758 553 1819 in
588 1759 708 1841 campis
737 1758 810 1821 ville
836 1756 1065 1838 Liringesdori,
1097 1755 1215 1820 scilicet
1243 1758 1277 1820 iu
1309 1775 1389 1840 pago

101 1845 228 1928 Spilberlr
266 1848 399 1910 situatos
434 1866 507 1910 curn
547 1849 616 1910 iure
648 1854 832 1931 patronatus
861 1847 992 1910 ecclesie
1021 1845 1139 1910 ibidem
1173 1847 1295 1910 nobiles
1330 1848 1390 1910 viri

99 1935 303 2012 Hermannus,
336 1935 407 2000 Otto
435 1943 466 2000 et
489 1937 660 2001 Heinricus
692 1940 823 2002 comites
855 1938 893 2000 de
923 1935 1118 2000 Orlamunde
1148 1957 1166 1998 a
1194 1936 1286 2000 uobis
1315 1945 1390 2001 eta

99 2033 193 2089 nostra
223 2026 355 2092 ecclesia
383 2027 545 2091 feodaliter
575 2028 790 2111 possidebant,
832 2048 911 2112 quos
943 2033 974 2090 et
1004 2041 1110 2090 comes
1142 2026 1320 2091 Fridericus
1350 2028 1389 2091 de

98 2115 280 2182 Rabinsvvalt
310 2119 469 2201 predictus
498 2125 529 2181 et
555 2119 650 2182 irater
676 2120 746 2183 eius
772 2118 939 2182 Bertoldus
965 2135 1070 2181 comes
1094 2116 1208 2180 feodali
1237 2118 1327 2182 titulo
1350 2117 1388 2180 ab

97 2208 165 2288 ipsis
185 2207 350 2272 comitibus
372 2209 410 2272 de
435 2207 630 2272 Orlamunde
656 2210 790 2273 ulterius
816 2207 1016 2292 optinebant,
1045 2206 1235 2289 eosdemque
1262 2227 1390 2270 mansos

96 2307 153 2362 XVI
176 2318 247 2361 cum
269 2299 337 2362 iure
360 2305 543 2380 patronatus
565 2299 695 2363 ecclesie
715 2301 748 2362 in
771 2298 982 2382 Lizingestorl
1002 2298 1062 2380 ipsi
1091 2298 1221 2359 comites
1243 2297 1281 2361 de
1302 2295 1390 2360 Orla-

97 2389 205 2451 munde
224 2407 280 2471 pro
302 2408 335 2452 se
357 2395 387 2452 et
409 2389 571 2466 omnibus,
593 2409 730 2471 quorum
750 2392 912 2468 intererat,
932 2388 1025 2452 nobis
1047 2387 1144 2450 libere
1165 2389 1389 2467 resignarunt.¹

95 2476 155 2542 h'os
173 2480 278 2561 itaque
296 2481 429 2563 acceptis
452 2480 585 2544 huiusce
597 2481 701 2544 modi⁸
723 2479 988 2562 resignatiouibus
1005 2478 1137 2562 prefatos
1153 2487 1248 2541 XXVI
1264 2497 1390 2540 mansos

95 2585 162 2632 cum
189 2571 258 2633 iure
285 2575 468 2652 patronatus
495 2571 626 2635 ecclesie
652 2573 687 2634 in
706 2569 937 2652 [iringestdori
962 2578 993 2634 et
1018 2567 1167 2631 omuibus
1187 2568 1255 2630 suis
1275 2587 1391 2650 appeu-

94 2657 185 2728 diciis.
213 2660 358 2724 videlicet
387 2661 480 2740 orele,
507 2662 591 2740 ortis,
619 2663 726 2745 pratis,
752 2663 885 2744 pascuis,
906 2659 1102 2738 nemoribus,
1129 2657 1247 2722 salictis
1268 2666 1298 2721 et
1320 2659 1390 2722 eliis

94 2751 235 2813 omuibus
252 2751 457 2833 pertinentiis,
479 2771 681 2834 quocumque
697 2752 825 2814 nomine
841 2756 1038 2828 censeantur,
1057 2749 1250 2811 conferimus
1262 2753 1391 2812 nomine

93 2840 263 2902 concambii
285 2846 315 2903 et
336 2843 575 2924 appropriemus
595 2842 722 2904 domino
742 2890 767 2904 ..
789 2841 895 2904 abbati
921 2847 952 2903 et
979 2841 1108 2902 ecclesie
1127 2837 1272 2902 Porteusi
1295 2839 1391 2901 nichil

92 2929 166 2992 iuris
187 2930 278 2992 nobis
300 2937 330 2994 et
353 2934 468 2994 nostris
490 2933 727 2995 successoribus
751 2933 798 2996 vel
828 2932 957 2995 ecclesie
981 2929 1196 2994 Hersieldensi
1214 2929 1392 3012 aliqualiter
1470 3001 1473 3006 ,

91 3031 283 3084 reservantes
303 3023 337 3083 in
359 3021 451 3084 bonis
469 3025 575 3102 sepius
599 3024 777 3086 nominatis
822 3021 885 3084 Nos
907 3039 1035 3106 quoque
1056 3020 1177 3100 Symou
1205 3018 1303 3082 abbas
1328 3039 1392 3083 uua

90 3128 161 3172 curn
181 3119 290 3174 nostro
311 3121 470 3174 conventu
491 3111 725 3176 Hersieldensis
746 3113 877 3176 ecclesie
898 3133 915 3174 a
936 3111 1109 3174 reverendo
1131 3107 1259 3172 domino
1281 3109 1392 3173 abbate

91 3207 118 3260 et
148 3206 306 3263 conventu
337 3201 376 3263 de
407 3200 500 3264 Porta
528 3203 560 3264 iu
590 3205 853 3283 permutationem
877 3208 907 3266 et
931 3201 1152 3264 concambium
1181 3201 1393 3282 predictorum

89 3287 243 3354 bonorum
266 3291 443 3372 recepimus
464 3294 576 3373 viginti
603 3311 660 3356 sex
689 3312 816 3356 mansos
838 3295 914 3356 sitos
940 3294 973 3356 in
995 3311 1075 3374 pago
1097 3291 1171 3354 ville
1191 3289 1393 3354 Libenstethe

88 3399 160 3442 cum
181 3384 250 3444 iure
271 3387 458 3463 patronatus
479 3383 609 3446 ecclesie
631 3383 783 3463 ibidem,²
805 3403 884 3466 quos
905 3383 1085 3465 predictusb
1108 3381 1256 3444 dominus
1277 3380 1393 3444 abbasc

87 3467 248 3534 Portensis
273 3490 331 3534 suo
358 3477 388 3534 et
417 3479 593 3536 conventus
621 3475 670 3536 sui
702 3476 829 3535 nomine
859 3473 986 3535 tradidit
1013 3479 1044 3534 et
1068 3473 1281 3555 appropriavit
1301 3471 1393 3534 nobis

87 3567 116 3621 et
148 3567 253 3624 nostre
277 3561 410 3624 ecclesie
436 3559 652 3626 Hersieldensi
684 3563 779 3624 nichil
811 3563 890 3624 iuris
919 3561 1001 3625 sibi‘l
1028 3563 1061 3624 iu
1084 3561 1200 3624 eisdem
1225 3561 1316 3624 bonis
1337 3563 1393 3624 ali-

86 3651 222 3730 qualiter
251 3650 451 3714 reservando.
503 3650 540 3714 In
575 3673 711 3734 quorum
742 3654 885 3715 omnium
916 3652 1108 3715 evidentiam
1141 3659 1171 3713 et
1201 3651 1393 3734 perhennem

85 3743 271 3805 memoriam
302 3742 403 3823 sigilla
432 3747 539 3804 nostra
567 3743 641 3805 huic
671 3743 771 3806 littere
798 3749 874 3804 sunt
901 3762 1047 3826 appensa.
1089 3741 1195 3804 Testes
1224 3742 1320 3804 huius
1349 3744 1393 3805 rei

82 3839 158 3895 sunt
189 3832 363 3896 Heinricus
392 3832 502 3896 Schelo
531 3821 718 3912 monachus,
758 3833 908 3895 Gerlacus
939 3851 1114 3894 conversus
1147 3832 1185 3894 de
1217 3831 1393 3911 Ysenacho,

81 3917 258 3986 Heinricus
280 3923 318 3985 de
340 3922 516 3986 Brendovve
538 3930 569 3986 et
592 3924 644 3985 alii
665 3923 726 3986 fide
748 3923 845 4006 digni.
887 3924 968 3985 Acta
990 3927 1065 3984 sunt
1088 3923 1144 3985 hec
1166 3942 1250 3985 auno
1274 3923 1394 3985 domini

81 4017 225 4078 ht⁰cGG⁰
248 4019 370 4096 quarto,
391 4015 423 4076 in
447 4014 497 4077 die
519 4021 701 4077 sanctorum
724 4013 861 4096 Crispini
882 4019 913 4076 et
935 4011 1135 4090 Crispiniani.

153 4163 217 4218 ²ce
235 4163 313 4218 modi
330 4165 398 4231 fehlt
417 4163 446 4218 D
518 4156 732 4235 bpredictosT
801 4163 916 4218 cabbas
934 4165 1001 4230 sebit
1018 4163 1047 4217 D
1119 4155 1204 4218 lsibi
1222 4163 1337 4218 iurisT

155 4288 164 4315 ¹
189 4287 246 4356 Vpl.
264 4287 316 4342 Nr.
327 4293 379 4342 423
397 4289 456 4342 aad
474 4293 535 4342 425.
598 4287 608 4318 ²
627 4289 706 4342 Dicae
715 4289 893 4356 Besitauupea
912 4289 985 4343 hatte
996 4288 1088 4356 Psortc
1108 4293 1177 4342 1300
1196 4306 1251 4342 com
1265 4289 1393 4344 Nonacri·

81 4363 182 4419 leloster
201 4370 233 4420 ia
253 4368 436 4438 Quodlinburp
453 4371 593 4424 crworben.
635 4369 689 4438 Vpl.
710 4369 860 4436 Nr.3l5ff.

618 4569 868 4578 .-.-.-.-.-----.--.
