3506 5148
308 374 360 434 482
676 367 907 428 Urkundcubucb
925 370 974 429 dea
993 371 1118 430 Ktosters
1137 370 1239 430 Psorte.

389 527 455 592 Nos
477 525 641 588 Conradus
662 529 693 587 et
714 524 878 588 Corradus
906 526 1017 589 fratres
1045 528 1095 590 dei
1122 529 1227 610 gracia
1253 526 1374 590 domini
1395 527 1428 590 in
1450 526 1615 592 'lbanrode

309 618 564 701 recognoscimus
603 621 633 678 et
664 614 828 694 omnibus,
865 619 921 699 qui
950 627 1126 700 presentem
1161 619 1295 682 litteram
1329 619 1477 697 viderint,
1512 619 1615 682 lucide

309 710 515 787 declaramus,
535 706 619 788 quod
642 725 699 768 nos
720 705 827 768 divine
848 709 1118 771 remuneracionis
1140 709 1258 771 iutuitu
1281 714 1419 790 quatuor
1438 727 1566 772 mansos
1582 710 1612 770 iu

308 802 428 884 campis
449 797 523 860 ville
545 795 768 859 Hassinbusen
792 798 882 874 sitos,
909 817 989 879 quos
1010 796 1214 861 Eclebardus
1242 797 1281 861 de
1309 797 1428 878 Saitae,
1455 804 1487 861 et
1513 819 1613 862 ununr

309 909 457 956 mausum
487 890 519 950 in
545 887 665 969 campis
693 885 825 948 Minoris
846 885 977 950 Dabene
1005 907 1041 950 ac
1069 888 1235 952 dimidium
1266 907 1414 952 mansum
1441 891 1472 952 iu
1496 893 1616 972 campis

311 982 437 1046 Maioris
453 978 583 1042 Dabene
604 979 688 1054 sitos,
710 997 790 1058 quos
807 976 1011 1040 Bernhardns
1032 978 1329 1056 dictusStubicben,
1347 998 1403 1041 nec
1424 999 1488 1042 non
1513 999 1614 1042 nuum

309 1091 456 1136 mansum
488 1071 519 1131 in
548 1069 668 1149 campis
695 1067 769 1128 ville
793 1065 980 1148 Pompnum
1002 1068 1112 1147 situm,
1143 1087 1238 1150 quem
1258 1067 1431 1132 Heinricus
1452 1069 1557 1134 dictus
1578 1070 1616 1132 de

309 1163 487 1245 Baigcstete
514 1179 532 1221 a
558 1157 650 1220 nobis
678 1161 708 1219 et
739 1159 855 1218 nostris
886 1158 1139 1240 progenitoribus
1170 1163 1338 1222 tenuerant
1369 1159 1459 1222 titulo
1492 1161 1617 1238 feudali,

308 1274 381 1317 cum
403 1251 502 1314 funda
524 1268 580 1312 seu
602 1247 709 1310 fundis
730 1253 761 1310 ct
782 1247 957 1330 superficie,
977 1267 1049 1310 curn
1070 1249 1162 1328 areiS,
1183 1247 1337 1328 curtibus,
1355 1251 1460 1332 pratis,
1481 1253 1617 1333 pascuis,

308 1343 456 1419 karectis,
481 1339 623 1415 virectis,
651 1337 804 1414 frutectis
830 1335 981 1400 salicibus
999 1344 1029 1400 et
1051 1339 1181 1418 salictiS,
1210 1340 1317 1422 aquis,
1345 1340 1436 1418 rivis,
1458 1359 1613 1421 aquarum

308 1432 523 1508 decursibusl,
545 1430 650 1491 stratis
671 1429 776 1509 regiis,
797 1428 927 1505 semitis,
948 1426 1111 1506 limitibus,
1132 1429 1193 1490 viis
1214 1433 1244 1491 et
1267 1430 1363 1490 inviis
1384 1448 1442 1492 nec
1460 1449 1523 1492 non
1541 1449 1615 1492 cum

308 1523 458 1588 omnibus
479 1520 611 1602 reliquis
632 1520 699 1581 suis
721 1519 923 1599 pertinenciis
945 1517 1178 1581 venerabilibus
1199 1525 1230 1580 et
1250 1518 1372 1582 devotis
1386 1519 1478 1582 nobis
1494 1519 1616 1583 dilectis

309 1614 436 1676 domino
459 1659 482 1674 ..
504 1609 608 1672 abbati
630 1615 661 1670 et
680 1609 851 1670 conventui
874 1609 1055 1670 monasterii
1078 1609 1108 1670 in
1133 1607 1227 1670 Porta
1248 1609 1367 1671 ordinis
1389 1608 1617 1686 Cisterciensis

309 1723 389 1787 quos
411 1703 529 1765 scilicet
550 1699 692 1762 abbatem
716 1704 747 1760 et
767 1703 959 1760 conventum
983 1716 1041 1760 nos
1063 1705 1094 1761 et
1115 1699 1213 1761 nostri
1229 1699 1445 1781 progenitores
1462 1700 1616 1762 hactenns

309 1793 463 1878 prosecuti
492 1809 605 1852 snmus
630 1788 795 1870 condignis
823 1786 997 1849 honoribus
1021 1793 1052 1849 et
1078 1787 1241 1851 favoribus
1261 1790 1425 1869 graciosis,
1452 1797 1616 1872 sperantes

308 1903 363 1967 per
382 1883 544 1945 oraciones
566 1897 675 1940 eorum
699 1878 815 1939 nostris
830 1881 861 1939 et
876 1878 1111 1959 progenitorum
1129 1886 1310 1941 nostrorum
1324 1879 1493 1943 animabus
1508 1880 1616 1945 divine

309 1971 549 2057 propiciacionis
560 1968 748 2031 beneficium
762 1967 1005 2045 subventurum,
1026 1966 1180 2046 dedimus,
1197 1967 1445 2032 contradidimus
1460 1976 1492 2032 et
1504 1989 1617 2054 appro-

307 2065 483 2148 priavimus
505 2080 540 2123 ac
561 2056 760 2142 presentibus
782 2058 903 2136 damus,
930 2057 1146 2120 contradimus
1167 2063 1198 2120 et
1218 2061 1456 2141 appropriamus
1478 2063 1617 2144 proprie-

309 2157 381 2217 tatis
403 2156 472 2215 iure
493 2156 643 2235 perpetuo
665 2147 879 2231 possidendos,
900 2147 1164 2211 abrenunciantes
1177 2149 1327 2212 omnibus
1346 2150 1480 2226 iuribus,
1502 2151 1618 2215 usibus

308 2250 339 2306 et
361 2240 562 2318 utilitatibus
591 2257 653 2322 que
680 2238 772 2300 uobis
798 2257 834 2299 ac
860 2239 975 2299 nostris
997 2237 1233 2299 successoribus
1254 2245 1419 2322 conpetere
1440 2242 1471 2302 in
1495 2241 1616 2304 eisdem

308 2335 400 2397 bonis
430 2337 571 2415 possent,
600 2331 666 2408 ins,
698 2327 781 2409 qarod
812 2329 844 2389 in
878 2326 1024 2409 predictis
1051 2327 1142 2390 bonis
1169 2327 1207 2389 ad
1236 2348 1294 2390 nos
1321 2331 1474 2412 pertinuit
1496 2349 1552 2394 sen
1577 2331 1616 2394 ad

309 2431 433 2487 nostros
459 2438 657 2485 successores
685 2421 790 2501 posset
815 2416 994 2498 aliqualiter
1014 2417 1179 2499 pertinere,
1206 2419 1237 2478 in
1261 2417 1439 2482 dominium
1461 2422 1618 2503 predicto-

310 2534 381 2577 rum
411 2513 630 2593 religiosorum
658 2507 794 2570 totaliter·
819 2505 1051 2569 transferentes.
1099 2505 1147 2568 Ne
1175 2508 1272 2588 igitur
1298 2527 1394 2592 super
1420 2510 1479 2572 bac
1508 2519 1617 2575 nostra

308 2605 482 2667 donacione
503 2608 533 2663 et
557 2599 813 2682 appropriacione
836 2596 938 2658 valeat
965 2595 1100 2658 alicuius
1121 2595 1291 2660 dubietatis
1313 2598 1518 2682 scrupulum‘
1540 2599 1617 2662 sub·

307 2696 393 2773 oriri,
414 2698 592 2776 presentem
614 2689 749 2750 litteram
772 2685 908 2767 desuper
927 2685 1135 2766 conscriptam
1159 2688 1351 2768 appensione
1379 2688 1473 2770 sigilli
1495 2689 1617 2751 felicisd

306 2783 536 2848 recordacionis
556 2779 676 2842 domini
699 2773 833 2838 Conrndi
855 2776 952 2857 patris
975 2775 1073 2836 nostri
1095 2779 1126 2836 et
1145 2774 1266 2838 domini
1285 2775 1492 2841 Eclrenberti⁰
1511 2782 1616 2861 patrui

308 2876 415 2954 nostri,
436 2891 499 2955 quo
521 2873 554 2932 in
577 2869 693 2931 nostris
715 2867 827 2928 litteris
847 2865 978 2943 utimur,
1005 2864 1161 2937 dedimus,
1182 2867 1265 2928 sicut
1285 2865 1400 2944 decuit,
1426 2867 1616 2934 roboratam.

308 2963 424 3028 Datum
447 2981 531 3025 anno
553 2959 673 3022 domini
696 2964 936 3033 M⁰ut¹c⁰xxv,
957 2955 988 3017 in
1013 2955 1064 3017 die
1085 2953 1169 3017 beati
1182 2953 1266 3018 Petri
1289 2956 1326 3018 ad
1342 2957 1478 3020 vincula
1507 2957 1616 3023 Testes

308 3061 383 3118 sunt
402 3055 499 3115 frater
522 3048 739 3114 Eckenbertus
759 3063 931 3127 germanus
953 3049 1059 3106 noster
1078 3045 1223 3123 dilectuS,
1249 3045 1420 3110 Heinricns
1441 3049 1480 3110 de
1499 3047 1617 3112 'l'uten-

308 3145 414 3228 berglr,
435 3141 620 3204 Fredericus
642 3138 680 3199 de
700 3135 909 3197 Teanenstete
929 3134 1037 3196 fideles
1058 3136 1157 3197 nostri
1182 3141 1212 3198 et
1233 3135 1339 3218 plures
1360 3138 1412 3199 alii
1435 3137 1497 3201 fide
1519 3139 1618 3221 digni.

378 3277 434 3331 ²et
451 3271 671 3343 hinaupestiytT
773 3259 786 3294 b
804 3267 975 3322 discursibus
995 3266 1024 3321 D
1131 3270 1141 3294 ‘¹
1160 3269 1294 3340 serupulu
1316 3269 1384 3323 TD
1423 3275 1425 3282 ’
1490 3261 1568 3342 dpie
1585 3271 1620 3326 D

307 3361 318 3386 ⁰
336 3355 486 3412 erkinberti
505 3353 535 3408 D

308 3523 422 3608 tato.
448 3521 544 3604 tuti
561 3521 620 3602 13.
1522 3515 1620 3600 524.

389 3657 552 3722 Friedrich
573 3655 660 3718 Herr
675 3673 716 3718 aar
728 3651 933 3732 Heldronpen
950 3653 1051 3732 eiyoet
1064 3653 1133 3715 deta
1148 3651 1275 3716 Kasto-
1285 3651 1393 3734 Psorte
1414 3652 1483 3716 drei
1502 3653 1622 3718 licrtel

348 3753 432 3814 einer
454 3749 543 3829 Herse
565 3748 598 3810 in
620 3743 772 3823 Ducitwip
798 3763 854 3818 aar,
882 3743 933 3804 die
962 3743 1018 3805 der·
1045 3741 1198 3825 Erfnricr
1224 3741 1352 3823 Biirper
1371 3742 1530 3806 Nikolaus
1553 3764 1620 3808 tora

346 3842 528 3906 ll'bissorasee
550 3857 609 3900 oon
629 3836 693 3898 iiam
712 3853 753 3900 aar
776 3834 880 3896 chcu
901 3834 1010 3913 aanor
1031 3833 1099 3896 ond
1120 3833 1188 3896 dem
1202 3833 1330 3896 Kloster
1348 3833 1510 3912 pescireabt
1528 3834 1597 3897 int.

457 3967 593 4024 Hdaclrr..·
612 3953 721 4018 D12t²b
741 3959 961 4030 (titlidiordia).

458 4061 583 4115 Dnrekoe
604 4057 714 4110 Coracem
732 4059 791 4110 337.
828 4053 963 4108 Deutaclr:
987 4051 1072 4119 Wolff
1085 4051 1127 4118 ΙΙ,
1146 4055 1205 4106 419.

388 4186 454 4250 Nos
477 4184 656 4248 Fridericus
680 4181 730 4243 dei
755 4180 860 4262 gracia
881 4178 1031 4241 dominus
1053 4178 1084 4239 iu
1107 4176 1332 4260 Helderungen
1355 4173 1624 4258 recognoscimus

308 4283 338 4341 et
359 4278 518 4340 universis
538 4274 737 4358 presencium
759 4267 991 4352 inspectoribus
1017 4272 1128 4330 notum
1150 4286 1219 4331 esse
1240 4267 1388 4350 cupimus
1406 4271 1439 4328 et
1459 4269 1625 4346 constare,

309 4369 392 4451 quod
423 4387 481 4430 nos
507 4368 540 4428 in
569 4363 744 4426 remedium
773 4361 878 4422 anime
903 4364 1010 4422 nostre
1038 4365 1069 4421 et
1096 4359 1333 4442 progenitorum
1365 4361 1542 4419 nostrorum
1578 4355 1624 4421 de

309 4477 396 4521 mera
417 4464 449 4520 et
468 4456 567 4519 libera
587 4453 759 4528 voluntate,
784 4449 949 4514 accedente
970 4467 1128 4512 consensu
1150 4449 1293 4512 omniurn
1316 4446 1468 4512 heredum
1489 4449 1625 4509 nostro·

308 4567 382 4612 rum
404 4547 557 4627 dedimus
579 4543 768 4607 donavimus
790 4547 820 4604 et
840 4539 1027 4603 tradidimus
1045 4544 1076 4603 et
1096 4537 1297 4621 presentibus
1311 4537 1435 4618 damus,
1455 4534 1624 4600 donamus
