3392 5150
574 365 624 428 Νι,
635 367 782 426 272-278.
804 365 879 422 1286.
1331 362 1383 422 273

115 517 289 598 jdbrlicben
310 516 389 582 ffins
416 518 467 582 dic
491 523 669 599 permantcn
692 516 822 581 Brbder
848 517 916 580 dem
938 513 1065 580 mosea
1084 533 1144 580 aar
1163 514 1276 598 Hutfe
1295 515 1383 580 ater-

118 611 237 685 wicsen,
257 628 317 673 aur
337 607 475 672 audeca
497 607 608 690 Hiiifte
627 609 685 689 fiir
708 609 793 691 10112
815 605 915 671 Morlt
933 605 1081 688 amicust
1099 607 1206 670 baben.

227 743 362 798 ecee:
382 744 412 798 1>
430 749 464 798 aa
482 745 534 811 (st.
547 742 693 812 zebekur).
724 733 827 798 reeb.

227 848 338 981 Bergk:
355 849 487 903 Deramob:
506 847 591 917 Wolff
596 849 638 915 ΙΙ,
646 853 706 908 213,
732 848 787 919 th
804 849 917 902 Pertucb
928 848 952 912 1,
967 851 1024 901 118.
1043 845 1381 914 scemmenstete.

304 946 378 982 roan
394 933 437 983 22.

158 1056 194 1119 ln
223 1057 352 1120 nomine
379 1056 508 1119 domini.
541 1059 653 1120 Amen.
695 1055 762 1120 Nus
790 1055 995 1120 Hermanuus
1023 1061 1055 1117 et
1074 1053 1247 1118 Heinrieus
1268 1053 1382 1118 tratres

86 1147 208 1210 comites
235 1146 311 1209 dicti
339 1146 378 1210 de
400 1146 491 1210 Novo
519 1153 621 1208 castro
649 1145 798 1209 omnibus
823 1146 883 1208 hoc
905 1145 1057 1226 scriptum
1079 1143 1196 1205 visuris
1217 1144 1249 1205 in
1272 1162 1383 1227 perpe·

86 1243 178 1299 nmm.
219 1236 268 1299 Ne
293 1255 345 1300 res
372 1236 467 1319 digne
495 1237 650 1298 memoria
676 1255 733 1318 per
753 1235 987 1298 successionem
1010 1238 1189 1316 temporum
1213 1231 1383 1296 oblivionis

85 1325 207 1388 cecitate
229 1326 312 1408 apud
333 1331 476 1408 posteros
497 1325 624 1388 valeant
638 1325 806 1402 obfuscari,
828 1325 978 1386 convenit
992 1322 1382 1406 casseriptisetfidelium

86 1415 265 1478 testimoniis
296 1417 442 1478 etemau'.
490 1415 609 1478 Notum
643 1414 908 1496 igitnrfaoimns
940 1413 1099 1476 universis
1131 1422 1193 1476 tam
1227 1413 1383 1496 presentis

86 1505 168 1568 etatis
190 1523 285 1586 quam
308 1523 494 1568 successura
516 1505 707 1588 posteritatis
723 1502 915 1582 homnibus,
938 1502 1023 1584 quod
1038 1502 1218 1566 Fridericus
1233 1507 1265 1566 et
1279 1502 1382 1566 Gene-

86 1592 193 1656 bardus
214 1594 329 1656 fratres
350 1592 426 1656 dicti
448 1593 487 1656 de
508 1593 675 1658 Haldelrhe
703 1593 793 1656 fideli
820 1593 953 1675 permoti
980 1592 1148 1655 devotione
1170 1592 1254 1654 circa
1273 1611 1382 1655 moue-

85 1684 205 1745 sterium
229 1683 382 1747 Portense
404 1689 435 1746 et
455 1684 569 1747 fratres
596 1683 676 1746 inibi
698 1684 887 1746 constitutos
913 1701 969 1764 pro
993 1681 1134 1744 remedio
1156 1681 1261 1744 anime
1282 1683 1381 1764 patris

86 1772 128 1834 sui
158 1773 279 1838 domini
310 1771 463 1838 Triderici
493 1792 589 1836 unam
620 1791 761 1836 marcam
792 1772 1035 1853 assignaverunt
1065 1769 1217 1834 tratribus
1248 1769 1381 1854 predicti

85 1863 258 1925 monasterii
286 1861 326 1926 de
353 1882 462 1926 manso
490 1864 522 1925 in
545 1861 634 1940 villa,
657 1880 719 1944 que
740 1861 885 1925 Cebecur
906 1860 1031 1930 dicitur.
1053 1859 1112 1923 sito
1135 1859 1269 1942 singulis
1290 1860 1382 1922 annis

85 1949 221 2014 dandam.
252 1951 374 2016 Verum
397 1953 473 2034 quia
493 1951 598 2016 coloni
619 1951 763 2016 eiusdem
779 1951 881 2013 mansi
899 1949 979 2014 duas
996 1967 1119 2012 marcas
1131 1949 1248 2012 exinde
1259 1948 1382 2012 solvere

84 2046 320 2120 consueverunt,
344 2040 533 2106 venerabilis
555 2041 703 2105 dominus
725 2039 823 2102 abbas
842 2038 1056 2102 Theodericus
1080 2057 1153 2120 sepe
1176 2037 1251 2100 dicti
1274 2057 1382 2100 mona-

84 2131 172 2204 sterii,
193 2137 228 2193 ut
249 2149 380 2194 censum
406 2131 491 2194 huno
512 2130 709 2214 integraliter
729 2129 918 2213 perciperet,
939 2127 1095 2208 reliquam
1118 2145 1256 2190 marcam
1277 2147 1333 2211 pro
1355 2135 1381 2190 X

84 2224 125 2278 et²
152 2219 283 2282 dimidia
309 2220 424 2282 marcis
453 2239 510 2282 suo
538 2220 711 2283 conventui
741 2238 759 2280 a
786 2217 936 2301 predictis
958 2215 990 2280 T.
1013 2223 1045 2279 et
1066 2219 1102 2280 G.
1123 2215 1275 2280 iratribus
1296 2236 1382 2280 cum-

83 2310 206 2388 paravit
249 2308 329 2372 Cum
358 2309 454 2391 igitur
479 2310 541 2372 iam
571 2309 646 2372 dicti
674 2307 706 2370 F.
729 2305 1227 2371 etG.iratreshuncmansum
1249 2306 1381 2370 anobis

83 2396 145 2460 iure
175 2404 320 2462 tenerent
340 2399 470 2478 feodali,
490 2399 523 2462 iu
546 2417 660 2462 manus
681 2401 806 2460 nostras
827 2397 1025 2476 resignantes
1046 2402 1239 2476 rogaverunt
1256 2403 1287 2458 et
1308 2415 1382 2479 sup

82 2485 200 2567 pliciter
219 2489 412 2568 institerunt
434 2489 584 2570 quatinus
604 2489 708 2571 ipsum
730 2486 1007 2570 appropriarenms
1022 2485 1167 2547 Portensi
1191 2487 1381 2548 monasterio

82 2576 237 2656 prelibato.
279 2577 346 2641 Nos
372 2597 447 2641 vero
474 2578 569 2641 deum
597 2577 690 2641 nobis
712 2576 845 2660 proinde
868 2576 936 2637 iore
958 2575 1133 2657 propicium
1158 2580 1320 2657 sperantes
1342 2575 1380 2636 ad

82 2663 227 2730 honorem
254 2667 390 2750 gloriose
418 2669 551 2752 virginis
581 2673 613 2730 et
636 2667 746 2730 matris
771 2665 871 2730 Marie
900 2669 932 2727 et
957 2663 996 2726 ob
1024 2664 1166 2726 favorem
1192 2663 1382 2726 venerabilis

81 2762 252 2820 conventus
275 2756 313 2819 de
330 2755 425 2820 Porta
445 2776 502 2841 pro
524 2756 666 2820 remedio
688 2756 866 2818 animarum
889 2759 1069 2815 nostrarum
1091 2757 1123 2814 et
1142 2753 1380 2835 progenitorum

82 2850 256 2908 nostrorum
289 2846 482 2910 contulimus
513 2846 689 2929 predictum
727 2863 873 2908 mansum
905 2843 1098 2905 monasterio
1131 2839 1275 2904 Portensi
1307 2861 1379 2905 cum

81 2936 163 2996 omni
189 2935 273 3014 iure,
300 2935 453 3015 dominio,
481 2935 614 3001 utilitate
641 2937 710 2998 iure
738 2933 946 3018 proprietario
968 2939 1121 3015 perpetuo
1143 2931 1379 3015 possidendum.

81 3019 234 3088 Utautem
256 3024 473 3107 predictorum
493 3025 610 3088 veritas
631 3023 807 3087 inviolabili
828 3024 860 3085 in
882 3027 1071 3104 perpetuum
1096 3021 1202 3104 rigeat
1221 3021 1381 3099 firmitate,

81 3119 255 3192 presentem
276 3113 413 3176 litteram
434 3113 592 3178 conscribi
613 3120 645 3176 et
664 3112 840 3196 sigillorum
867 3117 1048 3175 nostrorum
1074 3109 1322 3193 appensionibus
1343 3130 1380 3172 uc

80 3200 157 3264 intra
183 3204 308 3286 scriptis
333 3203 466 3266 testibus
493 3203 628 3284 ydoneis
655 3203 790 3266 fecimus
818 3201 1017 3265 communiri.
1063 3199 1181 3262 Datum
1212 3200 1246 3262 in
1267 3206 1380 3262 ¹castro

80 3288 233 3355 Ostervelt
260 3311 344 3354 anno
371 3293 490 3356 domini
520 3300 849 3364 M⁰Cc⁰leiXX⁰Vl⁰,
875 3291 908 3352 in
932 3290 984 3352 dia
1005 3290 1105 3353 saneti
1127 3288 1213 3352 Luce
1235 3307 1380 3371 ewange-

79 3377 155 3445 liste.
195 3381 304 3444 Testes
325 3389 401 3444 suut
422 3382 570 3444 dominus
590 3381 763 3445 Heinrieus
784 3381 823 3443 de
844 3379 966 3456 Bmoh,
991 3377 1156 3442 Reiubodo
1179 3377 1217 3440 de
1240 3377 1380 3441 Stolzen-

78 3467 159 3549 beyn
187 3471 319 3548 milites,
349 3471 498 3534 dominus
523 3471 717 3534 Heinrieust
743 3471 782 3534 de
809 3469 1029 3532 Crernashowe
1065 3467 1239 3530 canonicus
1270 3467 1380 3530 Nucu-

80 3555 251 3642 burgensis,
273 3559 485 3624 Wenemarus
507 3560 700 3638 cellerarius
720 3559 925 3623 Harmannns
947 3558 1099 3635 notarius,
1119 3559 1218 3620 irater
1238 3556 1380 3620 Guntbe-

78 3665 130 3710 rus
152 3649 191 3712 de
212 3648 399 3733 Shaphstete
419 3649 599 3729 Fortenses,
621 3649 794 3713 Heinrieus
815 3649 854 3711 de
876 3647 1068 3728 Rosenhayn
1091 3646 1211 3728 laycus,
1233 3646 1381 3709 dominns

77 3734 286 3802 Theodericus
308 3739 348 3802 de
370 3739 517 3803 Muohele
539 3740 687 3802 sacerdos
708 3745 740 3801 et
760 3738 813 3801 alii
836 3757 930 3818 quam
954 3737 1061 3820 plures
1079 3735 1144 3798 fide
1167 3735 1263 3818 digni.

143 3871 156 3898 ²
179 3871 275 3940 xdet
293 3871 324 3925 D
377 3863 589 3936 thieodericus
611 3871 636 3925 T
669 3871 709 3924 Es
728 3873 793 3924 latest
811 3871 868 3924 siob
885 3871 960 3922 nieht
977 3869 1026 3922 mit
1045 3868 1189 3922 cebete
1207 3869 1380 3934 cateclteiden,

76 3949 169 4003 ceute
191 3969 241 4006 oon
264 3950 356 4006 beiden
373 3951 504 4006 lenatico
528 3951 572 4004 die
588 3951 698 4020 mathye
715 3953 756 4008 tat.
783 3949 852 4003 ,Εἰη
870 3949 1004 4002 Dornbm
1020 3946 1205 4001 Theodericus
1224 3947 1259 4000 de
1277 3947 1381 4002 Grime-

76 4025 181 4083 sobowe
199 4032 301 4085 bommt
318 4029 457 4098 (leprico,
485 4029 621 4095 Hoohstilt
641 4029 802 4096 Nouembres
819 4033 883 4095 303)
909 4029 946 4081 tm
964 4027 1048 4080 dabre
1066 4027 1134 4080 1255
1151 4043 1211 4092 eor,
1230 4027 1382 4080 comedam

77 4111 144 4162 1269
162 4112 247 4175 (meat
266 4111 347 4176 iaco,
375 4111 423 4163 oe
450 4109 533 4176 Wolff
548 4109 594 4174 11,
622 4112 675 4162 100
691 4109 808 4176 capiet)
835 4109 866 4160 e
891 4109 963 4160 aaa
986 4103 1016 4158 D
1037 4108 1090 4159 aab
1109 4105 1292 4171 ertatem,
1322 4108 1383 4158 aaa·

75 4188 148 4242 acet
165 4191 339 4244 comitialiter
358 4191 415 4257 auf
430 4191 520 4257 Psorte
537 4181 702 4256 beattplicheo
726 4187 860 4244 Urkundc.
900 4187 937 4240 Ob
955 4185 1067 4238 desclbe
1078 4183 1173 4252 pcdocb
1191 4183 1251 4237 bier
1269 4185 1382 4252 periebat

75 4267 129 4318 acin
148 4269 237 4334 Ιιωιη,
261 4271 297 4322 ist
315 4285 361 4322 um
379 4285 408 4322 so
426 4269 499 4322 mebr
517 4268 691 4335 amcifctboffi
709 4269 751 4322 ab
768 4284 797 4321 er
816 4271 885 4320 1270
904 4266 974 4320 »aaa
991 4264 1042 4319 Nr.
1055 4269 1110 4319 220
1126 4263 1251 4318 Desierant
1267 4281 1383 4333 paemen

74 4361 105 4397 21⁴
122 4349 181 4402 rem
197 4349 308 4406 ecbcint.

97 4659 348 4713 annumeras.
360 4661 504 4702 saunas
