3400 5148
570 387 618 448 Nr.
631 385 776 447 lto-ite.
799 387 874 443 1264.
1327 385 1377 442 193

81 544 105 606 in
123 545 249 608 viscere
271 547 353 606 terre
373 541 492 604 ibidem
512 542 547 603 in
567 544 730 624 postumam
753 541 924 604 emersuris
945 544 977 603 ot
996 537 1091 622 pleno
1106 538 1271 622 participio
1290 559 1376 604 com·

81 635 217 696 murnum
245 634 387 696 omnium
416 631 490 694 ville
518 631 615 708 dicte,
640 631 745 712 aquis,
767 631 906 714 pascuis,
926 629 1055 704 feretis,
1076 628 1235 712 virgultis,
1263 629 1324 693 viis
1345 634 1377 693 et

79 725 164 786 inviis
182 742 243 786 nec
264 741 326 785 non
351 727 383 785 et
405 721 568 800 omnibus,
595 739 657 802 que
679 719 903 783 communibus
921 718 1113 781 misticorum
1134 718 1323 783 utilitatibus
1337 719 1376 783 de

81 812 302 876 consuetudine
324 817 355 874 et
376 810 416 874 de
436 811 506 873 iure
527 809 687 873 deservire
708 808 746 870 ab
768 809 899 888 antiqno
919 812 1062 890 tempore
1080 805 1300 886 dinoscuntur,
1319 829 1376 893 pro

80 911 164 965 lew
190 902 306 964 marcis
329 901 452 984 argenti
477 900 562 962 iusto
587 899 757 982 emptionis
781 898 885 980 tytulo
907 903 1131 980 compararunt
1152 898 1253 960 eidem
1276 899 1377 962 Mein·

80 992 168 1054 bardo
188 990 387 1072 integraliter
408 989 586 1073 persolutis.
619 989 740 1052 Verum
761 1007 835 1051 cum
856 988 997 1070 prefatus
1019 983 1061 1052 Μ.
1076 986 1236 1070 predictos
1251 1007 1378 1054 mansos

80 1101 140 1144 cum
162 1083 231 1144 suis
251 1081 451 1164 pertinentiis
472 1081 541 1142 iure
559 1079 662 1142 tenuit
681 1077 798 1142 feodali
825 1077 864 1140 de
886 1095 982 1140 manu
1004 1076 1120 1139 nobilis
1141 1077 1202 1140 viri
1223 1077 1378 1142 Meinheri

80 1171 112 1233 de
136 1171 370 1245 Vitzenburch,
395 1171 481 1252 ipsos
507 1187 634 1232 mansos
660 1169 693 1230 in
721 1187 834 1230 manus
865 1165 1009 1230 eiusdem
1036 1165 1153 1229 nobilis
1177 1167 1219 1230 M.
1240 1168 1380 1232 fideliter

80 1262 244 1342 resignavit
274 1279 348 1323 cnm
382 1259 547 1340 diligentia
572 1257 778 1341 postulando,
814 1262 850 1320 ut
885 1275 981 1339 super
1017 1257 1177 1338 emptione
1214 1263 1380 1341 pretaxato

81 1349 210 1412 dominis
237 1348 446 1413 Fortensibus
474 1367 665 1411 eonsensum
699 1354 844 1410 nostrum
871 1351 903 1409 et
927 1346 1027 1408 nostri
1055 1345 1185 1429 capituli
1214 1347 1379 1412 obtineret.

80 1439 239 1503 Fredictus
267 1441 376 1520 itaque
402 1437 494 1500 nobis
522 1437 563 1500 M.
591 1438 698 1520 sepius
724 1437 922 1499 nominatosl
949 1454 1077 1498 mansos
1103 1455 1176 1498 cum
1196 1439 1262 1500 suis
1283 1441 1379 1522 perti·

80 1529 189 1590 nentis
211 1526 360 1591 omnibus
380 1546 438 1610 per
458 1545 532 1590 suas
553 1525 674 1589 litteras
695 1525 798 1608 sigillo
815 1527 974 1588 autentico
986 1527 1198 1590 communitas
1214 1529 1248 1590 in
1264 1530 1380 1592 nostris

79 1619 220 1681 manibus
242 1617 416 1700 resignavit
436 1616 599 1680 humiliter
620 1615 837 1698 supplicando,
859 1621 894 1678 ut
914 1621 1113 1678 cormacum
1135 1616 1277 1680 habitum
1297 1619 1380 1682 inter

79 1707 219 1770 dominos
244 1707 415 1770 Fortenses
442 1725 516 1789 sepe
547 1705 647 1768 dictos
677 1711 708 1768 et
734 1705 958 1769 Meinbardum
987 1706 1119 1769 militem
1150 1713 1223 1770 ante
1259 1707 1380 1772 dictum

79 1808 175 1860 ratum
205 1797 322 1860 babere
351 1807 382 1860 et
411 1795 601 1858 confirmare
631 1801 738 1859 nostro
766 1795 932 1880 privilegio
960 1795 1180 1877 dignaremur,
1214 1800 1380 1880 presertim

78 1906 144 1949 cnm
165 1889 230 1950 iam
252 1886 329 1949 dieti
350 1886 452 1948 mansi
474 1885 543 1948 iure
565 1887 767 1968 proprietatis
788 1885 995 1948 dinoscantur
1010 1885 1201 1949 adnostram
1214 1886 1378 1950 eeclesiam

78 1978 240 2058 pertinere.
290 1975 356 2038 Nos
392 1975 491 2058 igitur
520 1975 758 2038 considerantes
794 1979 977 2060 prenotatos
1009 1993 1137 2038 mansos
1167 1995 1331 2058 nunquam
1363 1997 1382 2039 a

77 2073 232 2129 tantorum
253 2065 402 2128 manibus
423 2070 592 2128 vacaturos
615 2083 719 2146 neque
740 2065 880 2128 fructum
902 2063 940 2126 ab
963 2065 1039 2146 ipsis
1060 2084 1119 2127 nos
1137 2065 1276 2146 aliquem
1292 2066 1381 2129 habi-

77 2161 175 2234 turos,
202 2156 361 2239 prelatum
382 2159 581 2217 contractum
602 2155 685 2217 inter
706 2174 780 2238 sepe
803 2154 903 2217 dictos
924 2153 1070 2216 dominos
1092 2154 1262 2218 Fortenses
1288 2162 1319 2218 et
1340 2155 1381 2218 M.

77 2246 204 2309 militem
236 2246 358 2307 lactum
386 2243 425 2306 de
460 2243 611 2306 concordi
641 2262 800 2306 consensu
835 2249 866 2306 et
899 2243 1042 2306 unanimi
1077 2243 1240 2308 voluntate
1278 2251 1381 2308 ratum

76 2335 213 2414 gerimus
242 2338 274 2396 et
300 2338 464 2416 acceptum
495 2351 532 2394 ac
561 2331 690 2395 eosdem
711 2339 775 2396 tres
796 2351 924 2396 mansos
944 2338 976 2396 et
997 2333 1165 2396 dimidium
1186 2353 1259 2398 oum
1281 2335 1383 2398 tribus

76 2423 154 2486 areis
181 2429 212 2486 et
241 2422 424 2504 quindecim
451 2421 617 2504 iugeribus
646 2421 742 2484 nnius
769 2422 847 2484 silve
869 2441 1013 2486 necnon
1037 2423 1170 2505 singulis
1192 2424 1382 2488 utilitatibus

75 2514 250 2575 seeundum
271 2517 344 2576 ante
366 2511 450 2574 dicta
471 2511 609 2574 dominis
622 2509 830 2574 Portensibus
851 2511 1068 2575 contradimus
1090 2517 1122 2576 et
1142 2515 1382 2597 appropriamus

75 2604 300 2666 confirmantes
329 2622 403 2666 oum
429 2602 515 2664 omni
542 2603 624 2678 iure,
654 2600 808 2680 dominio,
837 2603 1042 2685 proprietate,
1067 2604 1281 2684 possessione,
1310 2625 1382 2686 pro-

74 2691 222 2755 ventibus
243 2702 275 2756 et
296 2691 487 2755 utilitatibus
509 2691 666 2770 omnibus,
689 2710 751 2772 que
773 2697 837 2753 tam
859 2691 951 2754 nobis
973 2711 1070 2773 quam
1091 2692 1253 2775 premissis
1275 2694 1382 2756 militi-

76 2779 132 2843 bus
153 2783 189 2844 in
210 2783 255 2845 eis
277 2786 456 2864 competere
477 2779 677 2860 videbantur,
699 2781 731 2842 in
753 2786 943 2864 perpetuum
967 2781 1183 2865 possidendos.
1215 2783 1245 2846 N
1247 2803 1264 2846 e
1284 2783 1382 2866 igitur

73 2871 208 2936 alicuius
235 2872 452 2954 interpretatio
478 2869 630 2934 cavillosa
654 2871 689 2932 in
709 2877 774 2933 tam
795 2870 1031 2934 racionabiliter
1050 2872 1191 2935 tractatis
1212 2873 1330 2956 pariter
1350 2880 1382 2936 et

73 2961 210 3042 peractis
235 2981 318 3024 ausu
345 2961 512 3024 temerario
539 2959 591 3023 vel
617 2958 739 3023 insultu
768 2959 906 3043 maligno
928 2960 1003 3023 huic
1023 2967 1130 3024 nostre
1152 2962 1381 3026 conmafficioni

72 3055 102 3112 et
127 3051 364 3113 confirmationi
391 3051 423 3113 in
450 3054 612 3133 posterum
639 3049 744 3113 valeat
764 3049 908 3129 obviare,
937 3056 1116 3132 presentem
1136 3051 1286 3134 paginam
1307 3071 1379 3114 con-

73 3139 169 3201 scribi
200 3140 336 3202 fecimus
368 3144 400 3204 et
430 3139 607 3222 sigillorum
638 3146 817 3202 nostrorum
856 3139 1104 3222 appensionibus
1134 3139 1278 3202 roborari
1308 3160 1382 3203 oum

71 3229 296 3312 astipulatione
323 3229 451 3292 testium
479 3227 744 3311 subscriptorum:
775 3228 923 3291 dominus
939 3228 1059 3294 Albero
1081 3229 1188 3310 abbas,
1208 3230 1382 3294 Heinrious

72 3316 272 3398 cellerarius,
297 3317 499 3382 Reinlrardus
520 3319 677 3394 notarius,
704 3317 873 3381 cunradus
901 3319 1053 3400 magister
1076 3320 1165 3382 curie
1192 3320 1223 3382 in
1253 3319 1382 3384 Heken·

70 3407 150 3490 dorp
164 3407 345 3488 Fortenses,
366 3407 573 3471 Moinhardus
593 3407 748 3489 plebanus
769 3407 803 3469 in
815 3406 1095 3486 Khindelburnen,
1116 3407 1275 3472 Iohannes
1290 3409 1382 3474 miles

71 3495 179 3560 dictus
201 3499 240 3560 de
260 3497 443 3579 Eysleiben,
464 3498 637 3561 Heinrious
659 3496 698 3560 de
721 3496 872 3559 Gehoven
893 3503 926 3559 et
950 3496 1004 3559 alii
1026 3516 1122 3578 quam
1142 3498 1258 3582 plures.
1300 3500 1382 3562 Acta

69 3592 147 3648 sont
167 3587 228 3649 heo
249 3605 333 3650 anno
358 3587 478 3650 domini
500 3595 792 3650 M⁰CC⁰LX⁰1111⁰.

142 3703 157 3731 ⁸
182 3701 317 3757 Vieller'cdt
333 3702 370 3756 ist
387 3702 475 3756 tribus
492 3703 665 3772 cuspesullea.
691 3701 746 3772 Vyl.
760 3701 790 3756 Z.
804 3705 847 3760 21.
901 3701 916 3740 b
933 3699 1093 3788 nominatis

67 3934 189 4019 1264.
217 3933 335 4017 Mera
360 3933 401 4016 4.
1297 3937 1381 4019 178.

147 4069 282 4136 Joaana
306 4071 376 4135 mad
396 4071 504 4136 Adeo
530 4091 589 4136 oon
609 4069 794 4136 Herbsleben
815 4071 991 4146 belucnden,
1012 4071 1260 4137 arsenarum
1281 4071 1384 4137 Rider

104 4160 396 4332 Zrktiszpwci
416 4161 534 4226 Aecder
552 4161 681 4226 Weidea
702 4163 736 4225 in
755 4161 964 4226 Heascblebea
984 4183 1029 4226 ou
1049 4163 1109 4226 dua
1129 4161 1255 4227 Kloster
1274 4164 1383 4244 Psorte

228 4369 360 4427 Hdacbm
377 4370 408 4425 D
425 4371 478 4424 39¹>
496 4369 639 4438 (atvar).
671 4369 697 4422 T
711 4370 775 4424 160.

227 4475 336 4532 Druck:
350 4476 488 4532 Dmtscb:
506 4475 638 4544 WolffH,
657 4479 717 4530 119.

146 4583 226 4649 Nos
257 4578 417 4649 Iohannes
452 4589 484 4648 et
519 4583 670 4649 Albertus
707 4583 851 4668 germani
886 4603 947 4649 nec
982 4601 1046 4648 non
1081 4581 1306 4648 ministeriales
1342 4581 1382 4648 de

115 4693 386 4750 summersa.
401 4695 514 4738 sana
1182 4695 1215 4750 13
