3390 5148
316 424 369 480 216
688 421 916 477 Urlurndenbucb
935 421 983 476 des.
1002 421 1127 475 Klosterr
1147 421 1249 476 Pione.

315 577 411 640 Porta
436 577 511 640 dieti
544 575 674 638 abbates
700 577 885 639 ordinamus
913 577 945 638 et
970 574 1208 648 constituimus
1239 577 1274 636 ut
1305 573 1408 636 omnis
1433 573 1558 636 tructus
1580 577 1605 636 et

287 725 290 730 .
314 673 487 750 proventus
521 666 677 729 bonorum
709 666 741 726 in
771 664 858 741 villa,
888 661 1252 744 queDamsladicitur,
1275 663 1605 744 sitorum‚q11eirater

313 757 473 820 lohannes
494 755 533 820 de
554 755 700 820 Kotbene
722 774 896 817 conversus
918 753 957 815 de
982 751 1080 815 Porta
1100 753 1303 835 comparavit
1325 751 1449 816 custodi
1472 750 1603 814 Portensi

313 847 405 910 cedat
426 853 458 910 et
478 846 633 909 dirivetur
654 850 815 928 perpetuo.
837 851 873 906 nt
893 863 935 906 ox
956 863 993 908 eo
1016 850 1165 926 procuret
1185 843 1294 906 lumen
1310 841 1349 905 de
1367 861 1441 924 sepo
1461 848 1603 906 nocturno

314 942 454 1020 tempore
483 955 631 1000 arsurum
658 935 692 998 in
718 935 884 1016 cymiterio
910 933 1056 996 Portensi
1084 934 1118 994 in
1145 933 1226 1006 loco,
1254 951 1316 1013 quo
1343 931 1492 994 dominus
1520 933 1605 995 abbas

312 1026 428 1089 melius
455 1025 607 1109 expedire
635 1024 854 1100 iudicaverit,1
879 1024 1012 1105 insuper
1038 1028 1071 1086 et
1098 1022 1265 1087 candelam
1293 1041 1420 1085 ceream
1447 1023 1487 1085 ad
1516 1024 1604 1104 quod-

221 1106 225 1112 ’
313 1116 406 1179 libet·
428 1115 526 1178 altare
547 1116 580 1177 in
603 1114 699 1178 Perta
720 1133 864 1177 arsuram
888 1117 1011 1176 tantum
1032 1112 1073 1174 ad
1093 1112 1219 1187 missas,
1249 1111 1295 1176 sic
1315 1117 1363 1180 ut.
1385 1111 1441 1175 ubi
1462 1112 1605 1176 hactenus

312 1225 376 1268 una
407 1205 541 1268 candela
571 1204 677 1267 habita
708 1209 771 1281 est,
803 1204 865 1266 due
891 1203 1042 1284 deinceps
1070 1202 1260 1278 habeantur,
1292 1221 1350 1265 nee
1376 1220 1439 1264 non
1471 1207 1503 1265 et
1528 1202 1603 1264 aliud

314 1295 430 1374 lumen,
451 1295 527 1358 item
549 1295 588 1358 de
610 1314 685 1378 sepo
708 1295 867 1374 etiamque
888 1298 1030 1374 tempore
1047 1298 1202 1354 nocturno
1217 1311 1363 1354 arsurum
1378 1292 1410 1352 in
1421 1293 1605 1355 monasterio

312 1386 467 1449 Portensi.
508 1383 556 1448 De
583 1385 710 1448 residuo
736 1389 843 1447 autem
869 1389 1083 1466 proventuum
1105 1381 1318 1464 predictorum
1341 1387 1462 1460 custos,
1484 1384 1538 1463 qui
1558 1401 1605 1466 pro

312 1485 453 1559 tempore
473 1476 583 1552 tuerit,
610 1495 687 1538 vasa
708 1493 798 1536 sacra
819 1479 851 1536 et
871 1493 977 1536 sacras
997 1477 1102 1535 vestes
1124 1471 1250 1535 studeat
1270 1472 1454 1540 emendare.
1474 1475 1604 1535 maxime

311 1587 384 1629 cum
406 1566 489 1629 bona
510 1566 652 1649 predicta
672 1584 712 1627 ex
735 1563 917 1628 elemosinis
937 1562 977 1624 ad
998 1561 1059 1624 boc
1078 1561 1181 1644 ipsum
1205 1559 1327 1624 collatis
1348 1581 1366 1623 a
1386 1561 1538 1625 fidelibus
1552 1565 1606 1624 sint

311 1662 492 1740 comparata
550 1655 599 1718 Ne
635 1655 733 1737 igitur
766 1653 920 1737 premissa
953 1651 1080 1714 valeant
1117 1651 1149 1712 in
1184 1657 1345 1733 posterum
1382 1651 1421 1713 ab
1453 1651 1604 1734 aliquibus

311 1747 480 1822 immutari,
501 1750 680 1829 presentem
704 1743 850 1826 paginam
872 1741 989 1805 exinde
1009 1741 1219 1822 conscriptam
1242 1739 1417 1822 sigillorum
1434 1747 1605 1805 nostrorum

310 1835 557 1919 appensionibus
599 1833 749 1897 iussimus
790 1831 988 1896 communiri.
1045 1830 1126 1892 Aeta
1162 1833 1237 1892 sunt
1276 1829 1333 1893 hec
1369 1850 1453 1893 anno
1494 1831 1604 1894 domini

310 1933 610 2003 m⁰co⁰nx⁰vm⁰,
632 1928 773 2007 tempore
795 1921 984 1985 visitationis
1007 1919 1178 1982 Portensis.

380 2065 391 2093 ¹
410 2061 534 2135 quolibet

382 2169 393 2208 ¹
418 2170 472 2225 Mn
495 2169 578 2224 Racbt
600 2168 718 2222 barim
740 2166 846 2236 Iaopc,
871 2165 1184 2233 tenebrositatem
1206 2166 1264 2220 aad
1282 2167 1374 2221 Radcn
1391 2168 1515 2236 (Leiprip
1534 2171 1607 2235 1832)

311 2254 363 2305 199
383 2249 443 2303 med
466 2248 576 2304 &resec
592 2249 648 2302 266
670 2247 726 2302 dias
747 2249 805 2314 aas
821 2245 864 2300 die
885 2246 924 2300 im
945 2245 1163 2314 palpatam
1185 2245 1237 2301 Sal
1258 2248 1377 2312 amun,
1401 2249 1470 2304 noct
1487 2251 1551 2318 jan
1571 2265 1606 2303 cr·

310 2331 414 2384 nalum
431 2345 515 2396 ευριπ.
536 2329 628 2396 Ewipa
646 2327 750 2395 Iuoapo
765 2324 1003 2393 (Todtenleucbte),
1026 2342 1082 2380 nur
1098 2327 1172 2380 britte
1190 2325 1300 2382 German
1317 2328 1391 2382 nubi
1408 2328 1459 2383 das
1476 2330 1608 2383 Βαιιωαὶ·

310 2411 352 2466 ula
370 2410 428 2464 eine
449 2409 625 2476 Grabltapellc
644 2408 761 2462 amelien
778 2406 868 2473 solim,
887 2406 918 2459 in
935 2405 982 2459 dcr
1000 2405 1056 2460 airh
1073 2407 1118 2460 cin
1131 2406 1213 2462 Alter
1225 2406 1359 2474 berioiden
1370 2409 1442 2463 babo.
1473 2409 1528 2478 Vpl.
1544 2410 1607 2474 oue,

310 2489 575 2558 Kanotarcbdclopir.
598 2493 622 2543 5.
636 2489 710 2557 Anii.
730 2487 755 2554 I,
774 2490 834 2542 388.

810 2647 1110 2657 ..m-—

310 2737 422 2818 1268.
1518 2737 1609 2819 206.

388 2873 516 2936 nonar
536 2872 598 2935 Aac
619 2891 677 2932 oon
705 2867 901 2933 Waltenricd
922 2868 990 2931 und
1011 2867 1124 2932 Albero
1145 2870 1207 2933 Abi
1229 2890 1287 2934 von
1311 2869 1417 2952 Psortc
1441 2872 1608 2946 bobendon,

348 2961 423 3026 dass
449 2961 503 3025 der
519 2961 646 3043 friibere
672 2957 880 3024 Siecbmeister
908 2955 1072 3021 Wenemor
1096 2977 1138 3022 aa
1168 2956 1286 3040 Pfcrte,
1314 2980 1369 3024 um
1389 2961 1480 3024 eiam
1508 2959 1609 3024 Wein·

348 3050 418 3131 berp
448 3070 521 3114 auno
553 3049 667 3113 Bcstcn
694 3048 831 3112 inanire
860 3046 993 3110 Mdncbc
1022 3046 1208 3128 namen,
1242 3049 1293 3112 ein
1325 3050 1420 3114 erere
1449 3050 1545 3114 Laod
1578 3049 1610 3111 in

351 3139 530 3204 mennae
555 3139 643 3202 ntor
673 3137 847 3219 onpebauft
878 3137 946 3199 aad
979 3137 1086 3200 dassen
1112 3136 1302 3220 Nacbfolper
1335 3140 1494 3220 Gottsried
1523 3139 1611 3203 tbeils

348 3229 448 3293 durch
480 3229 615 3306 Tartesia,
645 3233 738 3292 anter
763 3227 908 3291 ondercm
935 3227 991 3289 mit
1017 3227 1086 3289 dem
1107 3227 1389 3292 Mancinianae
1411 3228 1609 3310 Naumburp,

347 3317 437 3382 tbcils
464 3318 564 3382 durch
591 3317 693 3400 Kanf
713 3317 817 3381 diesen
851 3315 1009 3396 Wcinbcrp
1035 3317 1183 3382 andlan
1206 3317 1291 3382 baba.
1341 3317 1435 3384 Ueber
1460 3319 1510 3382 die
1537 3319 1610 3382 Ver-

348 3409 502 3489 wendnnp
533 3408 634 3472 seina·
665 3408 800 3488 Ενίνᾶρε
830 3405 953 3470 werden
979 3426 1134 3486 perennare
1165 3405 1421 3489 Bestimmanpen
1450 3410 1610 3490 petroffen.

349 3500 468 3578 Prcpst,
490 3498 584 3561 iiior
604 3497 673 3561 und
695 3495 826 3577 Kapitel
846 3497 900 3559 des
921 3495 1163 3561 Moritalrlosicrs
1183 3497 1348 3579 bastdtiqen
1369 3499 1430 3562 den
1454 3497 1586 3562 Taren.

456 3635 592 3694 Halieion:
613 3637 657 3693 Or.
672 3635 746 3704 Pery.
765 3653 815 3689 oon
834 3635 973 3689 Ροηεηεη
991 3635 1078 3688 Hand
1095 3637 1156 3704 (apl.
1173 3635 1250 3691 Posse
1258 3640 1292 3692 19
1309 3638 1367 3690 and
1388 3638 1448 3705 Taf.
1460 3637 1558 3702 XXX,
1573 3640 1609 3706 b).

506 3715 586 3783 esp.
615 3718 642 3782 1)
664 3715 709 3770 dee
734 3715 811 3769 Abies
836 3731 885 3769 eon
909 3715 1094 3780 Walkenried‚
1118 3733 1168 3770 oon
1188 3723 1301 3784 prdncm
1326 3717 1436 3784 Wacbs,
1459 3736 1496 3771 an
1519 3718 1611 3770 ratim

506 3793 624 3848 scidam
642 3794 761 3862 annm,
788 3798 819 3865 2)
840 3794 886 3849 das
904 3795 983 3850 Abies
1005 3812 1055 3849 oon
1074 3795 1178 3864 Psortc,
1196 3813 1235 3849 an
1252 3797 1341 3850 sother
1356 3795 1475 3851 sciderat
1491 3795 1610 3862 Selinus,

503 3877 531 3942 3)
549 3893 576 3932 a.
592 3877 620 3943 4)
638 3874 684 3928 dea
703 3875 825 3942 Repete-s
847 3875 906 3928 und
924 3875 1049 3942 Kapitels
1071 3893 1121 3929 non
1143 3875 1181 3930 bi.
1195 3875 1294 3929 Merita
1316 3877 1346 3929 in
1369 3875 1541 3944 Nuumburp.
1570 3895 1611 3928 an

502 3953 586 4022 potirer
603 3953 720 4008 acidane·
734 3954 848 4008 Scbnnr.
875 3954 998 4010 Drasdea
1019 3955 1055 4008 H.
1066 3955 1103 4010 St.
1115 3956 1148 4008 A.
1169 3954 1219 4014 Nr.
1235 3959 1294 4010 726.
1315 3985 1347 3994 —
1366 3945 1609 4024 multisona)

506 4033 554 4086 mit
575 4033 763 4100 lleberecbrift:
785 4034 829 4088 De
852 4033 933 4088 vinea
955 4034 1075 4089 Kulonis
1097 4040 1125 4089 et
1148 4037 1221 4106 agris
1244 4053 1292 4106 pro
1317 4053 1349 4092 ea
1371 4034 1514 4090 dilatanda
1541 4053 1612 4090 oon·

504 4111 621 4167 mutatis
638 4115 728 4168 εὸεηεο
744 4115 793 4167 acta
815 4113 891 4168 Tre.

455 4217 564 4272 Druck:
583 4219 717 4273 Deutecb:
733 4219 818 4287 Wolff
824 4219 865 4285 ΙΙ,
881 4221 938 4273 143.
964 4219 1019 4289 Vpl.
1032 4220 1146 4275 Perbccb
1156 4220 1181 4288 I,
1193 4224 1247 4276 112.
1266 4219 1552 4286 Benuch·ScbumelI,
1566 4225 1610 4277 ῗ2.

383 4343 449 4408 Nos
474 4345 683 4428 [thyetmarus
712 4346 751 4410 de
777 4347 996 4426 Wallsenride,
1030 4349 1148 4413 Albero
1185 4350 1224 4413 de
1251 4349 1347 4413 Porta
1376 4349 1452 4412 dieti
1477 4347 1610 4411 abbates

304 4439 414 4498 notum
437 4454 506 4499 esse
528 4437 674 4519 cupimus
696 4443 759 4500 tam
782 4437 982 4520 presentibus
1005 4458 1099 4519 quam
1120 4439 1245 4516 futuris
1268 4438 1354 4520 quod
1374 4439 1473 4502 irater
1488 4435 1611 4500 Wene-

302 4542 411 4586 marus
441 4525 638 4590 infirmarius
663 4528 892 4590 monachornm
917 4528 951 4589 in
972 4527 1068 4592 Porta
1098 4549 1152 4612 pro
1182 4529 1315 4592 utilitate
1337 4533 1369 4592 et
1390 4525 1610 4592 consolatione
1685 4591 1686 4600 ἦ

304 4612 561 4677 decumbentium
591 4615 819 4679 monachorum
845 4615 988 4700 plantare
1014 4617 1125 4681 volens
1153 4620 1280 4682 vineam
1309 4617 1501 4701 comparavit
1526 4628 1611 4698 pro·
