3506 5148
638 420 846 486 terem-543.
867 423 943 490 1828.
1398 423 1450 489 lvt

143 581 293 646 Albertob
320 580 425 646 abbati
451 580 634 644 monasterii
663 579 825 644 Portensis
851 597 909 643 neo
939 591 1022 643 non⁶
1053 601 1112 646 suc
1142 583 1313 646 conventui
1340 583 1450 648 vendi-

142 673 249 736 dimus
269 689 325 755 pro
346 677 431 736 certa
451 671 605 754 peccunia
625 671 683 733 rite
704 675 736 734 et
756 669 988 734 racionabiliter
1004 673 1112 735 omnia
1129 672 1220 750 bons,
1240 691 1303 754 que
1321 691 1339 735 a
1356 673 1448 737 nobis

140 763 174 825 in
196 762 291 826 feudo
311 767 484 826 tenuerunt
505 761 651 824 strennui
672 761 754 822 viri‘l
766 759 917 824 Albertns
938 759 1156 825 dietusOalwe
1177 761 1267 824 miles
1289 779 1348 825 neo
1364 774 1450 826 non⁰

142 852 311 916 Bertoldus
332 852 435 915 dictus
456 850 673 914 Vornlruneo¹
691 851 726 913 in
746 850 822 913 villa
842 849 1150 931 Hentzscbisleyben
1172 859 1202 914 et
1223 856 1313 914 extra
1334 851 1451 933 villam,

141 961 217 1007 cum
247 941 396 1006 omnibus
423 941 563 1021 iuribus,
592 939 782 1004 utilitatibus
803 956 839 1003 ac
865 939 1070 1024 proventibus
1093 947 1155 1005 tam
1177 943 1211 1005 in
1232 943 1323 1024 agris,
1346 943 1452 1024 pratis,

142 1034 269 1116 pascuis
295 1037 326 1096 et
355 1033 474 1096 selictis
495 1030 601 1095 villam
624 1030 856 1114 pertinentibus
876 1031 915 1094 ed
934 1031 1067 1096 eundern
1089 1038 1121 1096 et
1141 1034 1241 1096 eciam
1263 1034 1370 1096 omnis
1390 1033 1452 1096 alie

145 1124 243 1204 bons,
277 1142 339 1206 que
369 1123 403 1185 in
436 1121 575 1204 predicte
606 1121 680 1184 villa
702 1119 1021 1201 Hentzscbusleyben
1054 1124 1122 1186 sive
1153 1127 1242 1186 extra
1276 1122 1380 1186 villam
1412 1122 1451 1185 ed

143 1219 290 1277 nostrum
321 1212 498 1276 dominium
530 1212 761 1295 pertinuerant,
791 1209 877 1294 [que]
903 1229 959 1294 per
987 1211 1123 1295 prelatos
1149 1212 1294 1277 abbatem
1322 1219 1353 1276 et
1378 1233 1452 1276 con-

144 1308 276 1367 ventum
308 1303 429 1386 possint
458 1302 623 1366 invenirit
666 1300 709 1364 Ut
739 1305 845 1364 sertem
874 1301 932 1364 bec
958 1307 1067 1365 nostra
1094 1303 1238 1366 vendicio
1264 1308 1331 1366 rata
1353 1307 1384 1367 et
1404 1304 1470 1365 in-.

145 1393 352 1457 violabiliterl
384 1393 587 1477 perseveret¹‚
623 1399 799 1472 presentem
838 1391 974 1454 litterum
1005 1393 1198 1476 appensione
1229 1395 1328 1457 nostri
1359 1394 1453 1476 sigilli

146 1484 292 1548 dedimus
311 1485 538 1566 consignatam.
578 1481 686 1545 Testes
707 1481 804 1546 buius
826 1487 903 1544 sunt
924 1481 1090 1566 Philippus
1112 1488 1142 1547 et
1163 1481 1323 1546 Volrsdus
1342 1483 1453 1547 fratres

131 1573 221 1636 ⁴dieti
251 1573 290 1637 de
318 1572 470 1653 Domum,
494 1571 682 1636 Ludevrious
707 1577 739 1635 et
762 1571 889 1635 Vlrious
917 1572 956 1636 de
977 1571 1194 1656 Sangirhusen
1216 1573 1345 1654 milites,
1377 1573 1454 1638 Ger-

146 1665 265 1727 bardus
291 1666 398 1728 iunior
425 1663 464 1727 de
492 1661 707 1738 Querenlorde
734 1661 867 1742 nobilis,
894 1661 1117 1728 Borcbardusk
1149 1670 1181 1727 et
1207 1662 1385 1728 Eirebertus
1415 1664 1454 1727 de

147 1753 394 1837 Quedelseborg‚
424 1753 540 1833 Gesso,
568 1751 739 1815 Heinricus
760 1756 792 1815 et
812 1749 940 1815 Vln'cus
968 1753 1189 1836 dinggreven¹,
1219 1753 1393 1818 Heinricus
1415 1755 1453 1818 de

147 1844 414 1925 Alminshuscnu
438 1843 669 1907 Cunemundus
689 1841 728 1904 de
749 1840 959 1924 Sangirhusin
981 1845 1103 1907 strenui
1124 1843 1253 1924 famuli,
1281 1841 1454 1910 Heinricus

148 1937 251 2000 dictus
277 1934 348 1998 Stul
378 1941 410 1998 et
439 1931 590 1996 Nicolsus
619 1931 810 1995 Biocarietor
843 1934 929 1995 cives
959 1933 993 1995 in
1025 1932 1262 2017 Sangirhusen¹¹
1295 1941 1326 1998 et
1357 1953 1452 2018 quem

148 2026 255 2109 plures
281 2025 343 2088 fide
369 2025 487 2106 digui.⁰
528 2022 645 2086 Datum
675 2028 706 2086 et
735 2027 842 2086 ectum
869 2042 952 2085 anno
980 2022 1101 2085 domini
1127 2027 1454 2103 m⁰cccxxvss1‚in

148 2116 198 2179 die
219 2121 251 2178 et
270 2115 349 2178 lesto
370 2115 613 2198 Assumpcionis
635 2118 742 2176 sancte
763 2111 861 2176 Murie
882 2115 992 2176 matris
1012 2121 1043 2177 et
1066 2115 1198 2197 virginis
1218 2115 1363 2197 gloriose.

218 2250 231 2276 ¹
248 2249 292 2303 Ne
318 2248 400 2317 talia,
428 2265 481 2319 que
508 2255 632 2320 aguntur
657 2255 686 2302 et
712 2255 780 2306 sunt
804 2247 831 2304 in
856 2253 993 2318 tempore,
1021 2266 1055 2302 ne
1074 2247 1263 2318 calumpniam
1282 2251 1455 2320 (pesobricbeo

147 2329 386 2399 calumpnientur)
411 2329 441 2383 in
466 2328 652 2384 dissolucione
669 2329 802 2399 temporis
820 2330 954 2382 continua
971 2328 1127 2396 paciantur,
1155 2337 1395 2398 oportunitatem,
1424 2336 1456 2385 ut

144 2411 208 2481 ipss
226 2408 336 2478 scriptis
354 2416 382 2462 et
400 2407 518 2463 testibus
531 2407 680 2462 autenticis
695 2407 867 2462 roborentur.
888 2407 917 2461 D
988 2399 1000 2436 ¹³
1018 2407 1093 2462 dicto
1104 2408 1224 2463 Viscorn
1241 2410 1416 2480 bimupefdpt
1427 2410 1457 2465 D

146 2489 273 2544 ‘abbati
290 2489 325 2543 de
343 2488 428 2543 Porta
445 2505 478 2542 ec
495 2488 525 2542 D
595 2477 753 2543 dstrennui
771 2488 823 2543 viri
842 2493 994 2542 tenuerunt
1011 2487 1042 2541 D
1100 2488 1157 2541 eet
1176 2491 1254 2555 (stutt
1270 2505 1320 2544 nec
1340 2495 1407 2558 nou)
1427 2490 1456 2544 D

147 2561 354 2624 tvorrelrunnen
373 2569 403 2622 D
481 2569 540 2621 get
555 2567 642 2621 eciem
661 2599 694 2606 -
714 2568 832 2622 inveniri
849 2568 917 2635 fehlt
935 2567 965 2620 D
1047 2557 1245 2622 hinviolabilis
1263 2568 1293 2622 D
1372 2563 1457 2640 iper-

145 2655 259 2705 seueret
278 2648 300 2700 Τ
366 2639 379 2676 “
398 2647 502 2702 Bareh:
521 2647 585 2702 oder
602 2647 706 2702 Borcb:
729 2651 757 2716 (a
774 2651 809 2702 ist
827 2649 859 2701 iu
879 2645 977 2701 Tdem
996 2664 1013 2702 ο
1032 2647 1107 2701 uicit
1119 2649 1201 2704 celtes
1215 2647 1276 2701 sebr
1292 2649 1413 2718 dbulieb)
1435 2650 1460 2702 T

145 2722 152 2760 ¹
174 2729 353 2784 Borcherdus
365 2727 576 2800 -dinggreven
595 2729 662 2796 sebit
679 2729 709 2783 D
761 2729 780 2756 ¹¹¹
799 2727 927 2782 slmebult
940 2733 1090 2781 strennuus
1103 2727 1225 2782 famulus
1244 2727 1274 2781 D
1335 2730 1347 2756 ¹¹
1366 2730 1457 2784 Crine·

148 2808 276 2864 mmrdus
295 2839 328 2848 —
347 2807 538 2878 Sangirhusen
556 2807 624 2875 sebit
640 2807 671 2861 D
777 2809 788 2838 ⁰
806 2807 837 2862 D
854 2809 902 2861 leet
920 2807 977 2861 bier
995 2807 1136 2878 solpesdeu
1156 2809 1272 2862 Zstsate:
1301 2809 1363 2863 Heu
1384 2809 1458 2864 bons

146 2889 276 2961 predicta
302 2887 430 2942 dedimus
457 2895 486 2942 et
502 2887 679 2942 vendidimus
698 2887 764 2942 viris
784 2887 919 2958 religiosis
937 2888 1097 2942 memoratis
1114 2905 1164 2958 pro
1183 2895 1203 2940 Χ
1223 2890 1323 2944 mercis
1341 2889 1457 2959 pecunie

144 2968 358 3024 Nortbusensis.
395 2966 458 3022 Hoc
476 2967 584 3037 empcio
602 2966 676 3022 lecta
694 2977 736 3021 est
755 2984 804 3038 per
821 2967 963 3038 religiosos
982 2968 1068 3034 viros,
1089 2985 1136 3038 per
1162 2969 1278 3022 fratrem
1297 2969 1456 3024 Ocnrsdum

145 3047 274 3104 lsenbud
301 3047 466 3118 magistrum
492 3048 568 3102 curie
597 3046 626 3100 in
649 3047 750 3112 Vebre,
777 3064 826 3118 per
851 3046 1051 3102 Theodericum
1079 3048 1114 3102 de
1131 3047 1264 3120 Magdala
1292 3050 1457 3120 magistrum

144 3128 227 3184 curie
244 3127 273 3180 in
291 3125 426 3193 Osuorde',
444 3143 493 3196 per
512 3125 678 3181 Heinricum
696 3125 730 3180 de
749 3125 884 3182 Gehouen
904 3129 1070 3198 megistrum
1088 3128 1164 3182 curie
1183 3129 1210 3184 in
1230 3128 1323 3196 Porta,
1346 3131 1374 3184 in
1393 3128 1458 3183 civi-

144 3215 208 3264 tate
228 3207 418 3277 Sangirbnsen
436 3205 501 3260 viris
520 3205 694 3278 presentibus
713 3207 889 3278 prenarratis.

145 3387 530 3492 teas'lugnstlo.
1366 3365 1457 3482 ere.

234 3528 428 3596 DicVettern
438 3531 603 3596 Friedrich
614 3532 684 3596 und
697 3531 852 3597 Goitbard
861 3535 872 3576 1
881 3529 1109 3613 vouHeriupen
1119 3532 1317 3612 neptricum
1328 3533 1460 3598 Beriold

197 3621 414 3686 Vombuuuen
444 3623 514 3686 und
544 3622 622 3700 alle,
653 3621 761 3686 welcbe
790 3641 848 3685 cco
877 3621 974 3684 ibam
996 3621 1098 3686 Gdter
1124 3622 1160 3684 in
1181 3620 1392 3687 Heuscblebeu
1420 3633 1461 3688 aa

188 3711 297 3777 Leben
326 3711 436 3792 pehobi
465 3711 581 3790 baben,
620 3712 772 3776 desselben
800 3711 881 3774 uach
908 3711 978 3774 decu
1007 3709 1152 3791 Verlcouf
1173 3731 1217 3774 au
1244 3714 1304 3775 das
1332 3713 1460 3778 Kloster

191 3802 302 3884 Psorte
321 3821 381 3866 oon
405 3802 519 3866 diesen
539 3823 581 3869 eu
603 3803 706 3867 Leton
727 3822 768 3867 aa
789 3801 927 3864 nahmen.
978 3799 1043 3882 Vpl.
1066 3799 1126 3868 Nr.
1143 3805 1239 3866 542.ι

302 3929 438 3985 Ηᾶεεὶιν..·
458 3930 551 3985 Tros.

303 4022 416 4077 Druck:
433 4022 569 4077 Deutsele:
593 4019 679 4090 Wolff
692 4021 734 4088 ΙΙ,
754 4023 813 4080 433.

232 4145 300 4212 Nos
320 4146 500 4212 Friderr'ous
521 4152 553 4210 et
573 4147 773 4210 liethardus1
793 4145 952 4229 patrueles
974 4146 1049 4210 dicti
1072 4146 1111 4210 de
1128 4144 1292 4230 Heringen
1313 4145 1460 4212 Bertoldo

143 4239 235 4302 dicto
260 4233 506 4302 Vornnlrunnen
532 4235 618 4300 fideli
645 4255 704 4300 suc
730 4255 766 4298 ac
796 4236 867 4300 aliis
895 4237 1071 4313 universis,
1100 4239 1156 4320 qui
1177 4257 1196 4300 a
1216 4237 1309 4301 nobis
1328 4240 1363 4302 in
1384 4239 1461 4302 villa

141 4326 453 4392 Hentzscbesleiben
476 4327 526 4390 vel
547 4332 637 4390 extra
658 4326 764 4390 villam
786 4325 869 4389 bona
889 4327 923 4388 in
945 4327 1041 4390 leudo
1062 4328 1181 4392 hebent
1198 4347 1255 4391 seu
1272 4328 1460 4408 babuerunt

140 4416 357 4483 favorabilem
379 4417 418 4480 sd
440 4418 548 4482 omnis
571 4417 775 4481 voluntatem.
817 4415 936 4480 Notum
959 4417 1049 4481 vobis
1071 4419 1204 4481 facimus
1221 4437 1276 4502 per
1290 4427 1461 4500 presentes,

142 4507 237 4592 quod
267 4509 375 4570 omnia
402 4507 485 4572 bona
510 4512 620 4571 nostra
643 4527 718 4572 cum
745 4507 895 4571 omnibus
916 4507 986 4570 aliis
1008 4508 1075 4570 suis
1097 4510 1299 4591 pertinenciis
1320 4514 1351 4572 et
1372 4511 1461 4592 quic·

141 4597 230 4682 quid
256 4615 276 4658 a
301 4596 394 4660 nobis
419 4598 453 4660 in
479 4597 621 4680 predicta
648 4597 726 4662 villa
750 4595 1060 4677 Hentzscbesleyben
1092 4599 1142 4662 vel
1173 4607 1263 4662 extre
1289 4599 1398 4663 villam
1426 4601 1461 4663 in
