3392 5150
314 385 368 442 266
691 387 920 443 Urhundenbuch
938 385 987 443 dee
1004 388 1131 443 Klosters
1151 385 1253 442 Plorte.

316 549 421 603 nostra
442 542 502 604 sita
522 543 556 603 in
578 545 684 603 monte
705 541 795 602 iuxta
809 539 998 623 Balgestete
1018 546 1054 604 ut
1074 540 1201 604 racione
1221 543 1253 603 et
1275 537 1376 619 tytulo
1397 538 1492 602 huius
1512 548 1603 602 nostre

314 631 492 694 donationis
520 637 552 694 et
576 630 671 693 huius
693 629 849 712 privilegii
871 629 986 694 habeat
1006 631 1056 694 ius
1077 635 1109 693 et
1128 629 1312 693 facultatem
1332 629 1365 691 in
1388 628 1500 692 eadem
1519 626 1603 692 libere

314 730 345 784 ot
369 721 489 804 absquo
512 721 577 783 ulla
598 720 847 784 contradictione
868 721 1025 800 fodiendi,
1049 719 1255 802 effringendi,
1280 717 1449 782 evolvendi
1472 725 1504 781 et
1523 717 1603 782 deve-

314 809 409 874 hendi
434 811 556 893 lapides
582 810 622 873 ad
649 810 756 874 omnia
785 829 881 894 opera
906 811 954 874 sni
982 810 1107 874 cenobii
1132 811 1219 873 intus
1245 813 1277 872 et
1302 812 1393 872 extra
1414 807 1603 878 necessarios

314 920 408 981 (liram
425 900 588 963 diuPorte
609 899 752 964 subsistit
772 907 804 964 et
825 919 921 981 quam
943 900 998 963 diu
1019 901 1051 962 in
1075 902 1143 983 ipsa
1163 899 1334 983 lapicidina
1355 895 1476 980 lapides
1493 897 1603 959 iuveni-

313 995 423 1067 untur,
450 991 482 1052 in
505 1009 542 1052 ea
563 994 669 1054 tamen
691 995 778 1072 parte
799 988 985 1072 lapicidine,
1012 1010 1074 1073 que
1096 988 1276 1073 specialiter
1296 1007 1355 1050 nos
1376 987 1529 1068 contingit
1574 985 1602 1048 ln
1685 983 1686 1024 l

313 1082 406 1144 huius
433 1080 479 1144 rei
506 1079 729 1143 certitudinem
754 1080 930 1163 pleniorem
956 1086 988 1144 et
1016 1087 1051 1144 ut
1076 1080 1135 1142 hec
1161 1083 1270 1142 nostra
1295 1077 1424 1141 donatio
1446 1075 1539 1140 robur
1557 1075 1603 1138 ob·

312 1172 410 1235 ducat
423 1169 528 1234 debite
545 1169 714 1247 firmitatis,
734 1170 876 1253 predicto
893 1171 1065 1234 conventui
1081 1188 1213 1254 presens
1228 1169 1380 1252 scriptum
1403 1167 1500 1230 nostri
1520 1166 1603 1247 sigilli

312 1262 513 1344 porreximus
529 1259 705 1322 munimine
720 1261 960 1324 commrmitum.
991 1261 1058 1345 Ego
1073 1261 1261 1333 Fridericus,
1280 1259 1356 1340 quia
1371 1257 1476 1321 adhuc
1492 1258 1604 1340 proprio

312 1350 414 1433 sigillo
442 1370 543 1426 carco„
572 1347 670 1412 Vhici
693 1347 800 1413 fratris
827 1351 888 1413 moi
916 1351 1034 1433 sigillo,
1062 1371 1125 1432 quo
1153 1349 1365 1412 communiter·
1387 1347 1517 1424 utimur,
1541 1365 1603 1410 suu
1684 1359 1686 1410 l

312 1447 488 1504 contentus.
520 1441 600 1502 Acta
617 1444 692 1500 saint
707 1439 955 1523 hecBalgostete
978 1461 1062 1504 anno
1085 1441 1204 1505 domini
1221 1446 1603 1510 M⁰OU⁰LXX⁰Vlss⁰,Xl⁰

313 1531 463 1594 kalendas
483 1527 637 1605 Ianuarii,
660 1549 722 1610 quc
743 1535 821 1593 tune
842 1531 1001 1595 dominica
1021 1531 1204 1596 habebatur.
1245 1530 1353 1595 Testes
1374 1533 1450 1592 sunt
1470 1528 1604 1591 dominns
1685 1529 1686 1550 l

311 1620 512 1684 Reinhardus
537 1618 655 1697 Varch,
677 1618 807 1682 Vlricus
828 1621 867 1683 de
889 1621 1038 1699 (iasone,
1060 1621 1174 1686 Petrus
1196 1621 1235 1684 de
1258 1619 1437 1698 wulhardo,
1458 1615 1603 1682 Volradus
1685 1647 1686 1670 r

311 1710 350 1774 de
371 1710 449 1774 Roln
475 1708 591 1772 milites
618 1713 648 1770 et
674 1708 838 1774 castellani
860 1710 892 1772 in
916 1709 1008 1775 Novo
1031 1716 1135 1774 castro
1156 1715 1188 1774 et
1208 1709 1262 1773 alii
1285 1727 1380 1792 quam
1402 1707 1530 1791 plmimi
1548 1705 1604 1768 lide
1685 1739 1686 1766 ;

311 1799 407 1882 digni.

380 1916 390 1942 ²
408 1915 577 1969 contulimus
594 1915 713 1969 accentui

313 2175 420 2258 rete.
449 2176 644 2258 Februar
671 2178 732 2257 lo.
760 2175 989 2258 Elaenaoh.
1522 2173 1604 2257 265.

389 2311 534 2376 Albrecbt
550 2311 726 2393 Lartdpras
738 2333 797 2376 uon
816 2310 999 2393 derinpcn
1020 2311 1119 2392 eipnet
1138 2311 1219 2376 noch
1240 2311 1446 2393 neaeman
1467 2314 1533 2376 und
1553 2313 1612 2392 auf

350 2400 437 2466 Bitle
458 2401 511 2466 des
524 2399 642 2466 Rittcrs
657 2402 765 2467 Albcrt
780 2401 877 2467 Boler
900 2403 960 2466 dm
975 2401 1148 2466 Brontsecl
1172 2400 1241 2466 den
1257 2401 1383 2466 Klostcr
1401 2400 1507 2484 Pfcrtc
1523 2421 1572 2468 aar.

460 2535 592 2591 Erinden:
611 2527 704 2590 Ma
720 2537 772 2604 (tit.
784 2535 963 2606 Brantbaeb).

461 2641 572 2695 haser:
592 2640 725 2696 Dentaeb:
749 2641 948 2710 Wolffllffli.
975 2644 1029 2712 Vpl.
1042 2643 1156 2696 Perlucb
1166 2643 1190 2700 1.
1206 2647 1246 2700 57.
1267 2643 1518 2699 Remea-&tumet
1528 2643 1554 2708 1,
1572 2647 1610 2695 38.

390 2767 541 2830 tilbertus
570 2765 620 2829 rlei
648 2767 753 2848 gracia
783 2765 953 2848 Thuringie
980 2766 1177 2849 lantgravius
1203 2773 1235 2829 et
1261 2767 1399 2832 Saxonie
1428 2788 1534 2832 contos
1561 2788 1610 2851 pa-

310 2857 426 2920 latinus
448 2857 607 2920 universis
625 2855 741 2919 Christi
762 2856 912 2919 fidelibus
933 2857 966 2918 iu
988 2863 1184 2940 perpetuum.
1228 2855 1384 2932 Quoniam
1405 2878 1424 2920 a
1445 2857 1611 2922 mundani>¹

309 2946 407 3009 nichil
428 2947 552 3009 cercius
575 2945 775 3012 observatur.
805 2965 902 3026 qrram
922 2947 1029 3009 omnia
1050 2947 1199 3009 constitui
1228 2947 1287 3009 sub
1316 2949 1452 3024 incerto,
1485 2966 1611 3012 necesse
1684 2943 1685 3012 l

308 3040 357 3098 est
383 3055 434 3100 ea.
459 3055 521 3116 que
543 3041 741 3119 posterorum
764 3043 839 3098 sunt
859 3037 1010 3100 memorie
1032 3035 1256 3118 relinquenda,
1286 3057 1325 3101 ne
1346 3038 1522 3122 periculum
1546 3037 1613 3100 irri-

309 3125 442 3188 taciouis
467 3126 644 3198 incurrant,
672 3125 797 3209 scriptis
823 3130 855 3188 et
877 3125 1009 3188 testibus
1036 3127 1181 3189 eternan'.
1227 3126 1318 3191 Unde
1347 3133 1457 3190 notum
1479 3128 1612 3190 facimus

309 3221 372 3277 tarn
394 3214 596 3297 presentibus
620 3233 714 3296 (luam
736 3214 865 3290 futuris,
888 3216 973 3296 qvvod
995 3236 1053 3278 nos
1073 3221 1221 3299 stagnum
1240 3217 1395 3282 Brantse¹
1418 3218 1464 3281 sic
1485 3217 1613 3280 dictum.

309 3305 392 3385 (prod
417 3304 568 3368 Albertus
595 3304 686 3367 miles
712 3314 921 3386 cognomento
942 3305 1078 3369 Bolerus
1107 3325 1124 3368 a
1154 3307 1245 3370 nobis
1272 3307 1391 3371 feodali
1419 3307 1486 3370 iure
1513 3307 1614 3370 tenuit

308 3400 339 3456 et
365 3395 396 3455 in
421 3413 533 3457 manus
555 3401 679 3456 nostras
701 3395 888 3476 resignavit.
915 3395 955 3457 ad
978 3395 1166 3478 peticionem
1188 3403 1219 3459 et
1241 3397 1407 3478 plurimam
1431 3397 1613 3460 instantiam

307 3484 449 3547 ciusdem
474 3483 580 3546 dilecti
602 3483 694 3546 nobis
708 3484 766 3562 Al,
787 3483 827 3547 de
848 3505 1006 3548 consensu
1028 3485 1123 3548 ctiam
1142 3485 1330 3549 dilectorum
1352 3485 1445 3551 nobis
1461 3487 1615 3554 Heinrici.

305 3573 459 3638 Fridcrici
485 3579 517 3636 et
536 3573 720 3636 Theoderici
741 3575 881 3638 tiliorum
904 3576 1109 3640 etheredum
1132 3582 1313 3640 nostrorum
1336 3595 1396 3638 nec
1419 3596 1480 3638 non
1504 3585 1539 3640 et
1561 3594 1614 3660 pro

307 3663 447 3727 remedio
477 3664 581 3726 anime
607 3669 714 3727 nostre
743 3674 773 3728 et
795 3667 937 3727 omnium
958 3665 1197 3748 progenitorum
1218 3671 1399 3728 nostrorum
1420 3665 1616 3730 contulimus

306 3754 498 3817 monasterio
514 3753 659 3818 Portensi
675 3775 749 3817 curn
765 3756 851 3818 omni
868 3757 945 3823 iure.
971 3755 1111 3818 domhrio
1127 3762 1160 3818 et
1175 3755 1319 3834 utilitate,
1341 3775 1437 3836 quarn
1453 3755 1616 3840 piscando.

307 3844 496 3926 aucupando
523 3843 572 3906 vel
602 3863 805 3926 quocumque
827 3845 888 3909 alio
911 3845 1005 3908 modo
1027 3847 1059 3907 in
1082 3865 1119 3908 eo
1140 3845 1256 3928 poterit
1276 3845 1424 3928 adipisci,
1452 3847 1524 3909 iure
1547 3867 1617 3930 pro

307 3934 454 4014 prietario
483 3938 635 4015 perpetuo
662 3935 906 4017 possidendum,
937 3935 1082 3998 nolentes
1108 3934 1287 4017 predictum
1316 3935 1549 3998 monasterium
1580 3934 1616 3996 ab
1683 3929 1684 4000 l

307 4019 413 4101 aliquo
443 4021 628 4085 officialium
656 4029 838 4087 nostrorum
867 4044 922 4087 seu
946 4044 1149 4107 quocumque
1171 4026 1336 4089 hominum
1356 4026 1390 4088 in
1410 4033 1526 4106 stagno
1550 4045 1618 4110 pre-
1683 4043 1684 4046 ’

307 4110 390 4173 dicto
417 4111 597 4193 aliqualiter
625 4114 794 4177 molestari.
837 4114 880 4178 Ut
903 4115 999 4196 igitur·
1020 4115 1079 4178 hec
1101 4109 1208 4179 nostra
1229 4115 1356 4178 donatio
1379 4115 1617 4199 imperpetuum

306 4209 432 4262 maneat
460 4202 648 4266 inconvulsa
675 4213 707 4266 et
727 4223 746 4265 a
766 4204 855 4266 nullo
877 4205 1005 4286 penitus
1026 4205 1180 4284 irritetun
1211 4206 1312 4289 ipsam
1334 4205 1470 4288 presenti
1497 4207 1618 4290 scripto

305 4297 337 4352 ot
362 4291 455 4374 sigilli
484 4294 581 4356 nostri
612 4295 804 4375 appensione
833 4303 864 4356 et
890 4293 1124 4376 infrascriptis
1150 4295 1283 4358 testibus
1305 4294 1440 4376 ydoneis
1458 4294 1620 4360 iussimus

305 4381 504 4444 communiri.
546 4381 662 4445 Datum
686 4383 835 4447 Yscnach
862 4402 945 4446 atino
969 4383 1089 4446 domini
1110 4387 1411 4462 M⁰CC⁰LXX⁰IX⁰‚
1432 4393 1544 4450 ΧΙΙΠυ
1566 4387 1619 4450 ka·

307 4469 415 4534 lendas
444 4471 569 4537 Marcii.
607 4473 779 4536 indictione
807 4483 881 4536 tw.
931 4474 1039 4537 Testes
1068 4481 1144 4538 sunt
1169 4474 1321 4539 hibertus
1347 4474 1387 4538 de
1416 4474 1558 4542 Glichen
1591 4487 1619 4540 et

304 4560 456 4626 Albortus
483 4561 522 4626 de
544 4561 760 4628 Glicheusteiu
787 4564 931 4635 comites,
959 4562 1166 4630 Hermannus
1187 4565 1226 4630 de
1248 4563 1339 4637 Mna,
1366 4565 1561 4632 Guntherus
1583 4567 1619 4632 de
