3400 5148
515 395 565 460 Nr.
577 399 722 462 lae-tat.
743 397 924 459 rasa-nael.
1322 397 1373 458 159

79 560 274 645 conscriptam
314 557 492 642 sigillorum
526 560 709 620 nostrorum
747 554 924 618 munimine
961 553 1115 617 duximus
1148 552 1370 618 roborandam.

78 655 178 716 letum
208 657 257 714 est
283 650 343 712 hoc
372 648 539 712 arbitrium
576 665 659 708 anno
691 645 812 708 domini
844 651 1048 722 M⁰CC⁰LIIL
1085 643 1187 726 pridie
1218 643 1371 708 kalendas

77 741 136 805 lolii
152 742 186 804 in
205 739 366 824 presentia
381 757 508 814 eorum,
531 755 667 817 quorum
684 736 906 798 nominasent
923 732 1118 816 subscripta:
1140 732 1372 815 Degenhardus

76 831 259 904 cellerarius,
279 827 448 900 Alhertus,
462 827 668 890 Winemarus
690 825 836 888 monachi
848 823 1032 902 Fortenses,
1053 822 1206 886 Albertus
1222 825 1373 906 magister

77 919 102 979 in
124 915 355 994 Hechendortt,
383 915 535 978 albertus
562 915 714 994 magister
739 914 773 976 in
799 913 1019 987 Borsendorif,
1047 913 1199 976 albertus
1226 913 1265 976 de
1294 913 1372 976 Mel-

78 1007 181 1088 dingen
204 1007 351 1070 cornversi
373 1005 558 1082 Fortenses,
578 1003 792 1066 Theodericus
815 1009 919 1066 rector
940 1021 1112 1086 puerorum
1134 1009 1244 1084 sancte
1262 1003 1372 1091 Marte,

75 1095 233 1159 hertoldus
254 1097 293 1158 de
314 1093 529 1158 Yscherstede
546 1099 579 1156 et
599 1091 652 1154 alii
675 1111 772 1172 quam
792 1092 908 1174 plures.

134 1211 145 1239 ¹
173 1228 187 1264 e
215 1211 265 1265 nait
298 1209 495 1264 medatem
523 1209 694 1262 Bacchatubea
729 1205 845 1260 durtlbcr
914 1207 929 1246 l
963 1207 1147 1262 Verscbricben
1174 1206 1224 1272 foto·
1249 1205 1373 1260 mansis?

77 1289 273 1344 ‘uotiuicaaeet
334 1279 437 1342 dcaecat
497 1285 642 1356 ealligaco
702 1276 982 1356 tarchiprisbitcrum
1042 1283 1181 1338 ‘addunt
1233 1286 1373 1356 bpreeeo·

76 1367 163 1422 taudaa
220 1359 228 1396 ¹
247 1367 419 1440 recipiendas

137 1473 203 1528 lla
224 1474 367 1532 Anaua.

597 1567 845 1578 ...-.....-....-.-.-

79 1689 181 1771 ltil.
209 1687 297 1770 Mal
325 1688 393 1770 lt).
421 1687 563 1770 llallc.
1292 1685 1373 1772 lan.

145 1822 331 1904 Erchiscbof
351 1821 479 1904 liudolf
511 1821 798 1902 oonlMapdebury
833 1822 978 1902 bcuddc‘pt
1017 1821 1086 1884 dem
1112 1821 1237 1886 Kloster
1269 1821 1375 1904 Psonis

109 1911 380 2066 nltibplpebcnfrcibeit
411 1913 489 1976 bcn‘m
521 1913 618 1994 Knut
647 1913 716 1975 aad
754 1913 899 2026 Vcrkorcf
924 1914 1067 1992 paroisser
1096 1912 1312 1994 (repensando
1338 1913 1374 1976 ia

216 2141 351 2200 Hdsclrm
371 2139 402 2196 D
414 2146 449 2196 50
467 2141 518 2209 (tit.
538 2140 582 2194 De
600 2139 748 2210 theloneo).
771 2142 795 2194 Τ
803 2145 865 2196 304.

217 2247 330 2300 Ilmclo:
349 2247 482 2301 Dcutccb:
506 2246 591 2314 Wolff
601 2245 647 2312 II,
667 2249 708 2301 70.
751 2245 806 2316 Vol.
826 2263 847 2301 a.
863 2246 1037 2302 Malocratedt
1049 2247 1099 2314 ll,
1117 2247 1169 2302 Nr.
1191 2251 1265 2305 1355.

146 2371 303 2438 erolius
330 2375 382 2438 dei
407 2375 509 2457 gratia
530 2379 639 2438 sancte
660 2374 945 2458 Magdeburgensis
966 2374 1100 2438 ecclesie
1122 2376 1377 2459 archiepiscopus

76 2459 192 2526 dilectis
213 2464 246 2526 in
269 2463 393 2528 Christo
416 2464 522 2528 abbati
544 2470 577 2527 et
596 2483 686 2527 sacro
707 2464 841 2546 collegio
864 2467 896 2526 in
918 2465 1014 2527 Porta
1035 2465 1168 2528 salutem
1194 2467 1227 2526 in
1249 2465 1377 2526 domino

77 2553 304 2634 sempiternam.
346 2554 539 2635 Religiosam
568 2555 666 2617 vitam
693 2553 884 2636 eligentibus
905 2554 977 2616 ideo
998 2555 1147 2636 pastorali
1170 2559 1316 2617 terremur
1336 2573 1377 2616 ex

76 2641 166 2702 indicii
196 2643 297 2706 nostri
329 2643 435 2707 debito
465 2643 678 2708 sollicitudine
706 2644 890 2727 providere,
919 2651 954 2706 ut
984 2645 1023 2706 ab
1054 2644 1267 2706 exterioribus
1292 2645 1378 2706 curis

78 2731 160 2792 exorti
190 2733 474 2816 contemplacioni⁸
508 2734 627 2812 divine,
664 2733 704 2796 ad
735 2734 827 2796 cninns
860 2733 997 2795 archana
1028 2753 1085 2817 per
1117 2733 1229 2796 devote
1263 2735 1379 2796 nierntis

77 2819 238 2902 rapiuntur
263 2821 432 2900 affectum,
462 2821 589 2885 valeant
615 2821 748 2886 liberius
773 2823 918 2886 inherere
946 2829 977 2884 et
1002 2842 1060 2886 nos
1087 2822 1230 2905 ipsorum
1258 2823 1379 2898 rneritis

76 2909 287 2990 pertingamus
317 2910 356 2973 ad
383 2912 577 2993 premiorum
605 2911 783 2995 participia,
813 2930 875 2992 que
904 2916 1097 2994 exspectant.
1146 2911 1287 2992 Ideoque
1320 2932 1379 2974 nos

77 2997 111 3057 ad
146 2997 331 3061 instantiam
362 3005 466 3063 vestre
498 3001 673 3064 reverende
707 2999 799 3063 nobis
829 3001 862 3062 in
895 2999 1023 3062 domino
1055 3001 1195 3062 caritatis
1221 3001 1312 3062 vobis
1341 3020 1379 3063 ae

75 3089 262 3150 monestede
285 3093 390 3152 restro
412 3091 446 3152 in
469 3097 657 3173 perpetuum
677 3089 833 3172 presentis
855 3089 963 3170 scripti
979 3089 1152 3166 autentico,
1173 3095 1268 3172 prout
1283 3108 1379 3152 vene·

78 3173 180 3238 rabilis
216 3177 422 3260 predecessor
459 3186 579 3258 noster,
616 3178 699 3242 bone
730 3179 882 3242 memorie
912 3177 1065 3240 Albanius
1095 3177 1380 3260 Ma-gdebnrgensis

75 3265 342 3350 archiepiscopum
372 3267 519 3346 indulsit,
541 3268 633 3332 cuius
658 3268 779 3330 iactum
805 3273 908 3330 ratum
931 3266 1084 3330 habentes
1105 3269 1244 3351 presenti
1264 3269 1380 3351 pagina

76 3351 290 3436 indulgemue,
316 3355 370 3418 uti
392 3358 520 3420 emendi
541 3357 653 3435 salem,
671 3376 790 3436 ceram,
812 3356 906 3435 allec,
922 3375 1034 3438 sepum
1054 3357 1087 3418 in
1110 3355 1250 3440 oplplido
1271 3364 1379 3421 nostro

75 3439 175 3507 Hallis
206 3447 386 3510 necessaria
408 3446 497 3510 vobis
525 3447 566 3510 ad
593 3466 672 3530 opus
693 3446 822 3509 claustri
844 3447 960 3508 vestni⁰
980 3447 1013 3507 in
1034 3447 1168 3528 singulis
1189 3446 1328 3510 officinis
1348 3455 1381 3512 et

76 3533 275 3615 grangiarum
304 3541 483 3599 vestrarum
523 3545 555 3601 et
594 3537 657 3599 duo
696 3536 838 3618 plaustra
875 3535 970 3598 coriis
1007 3536 1058 3598 et‘¹
1089 3535 1193 3598 ovinis
1223 3536 1381 3620 pelliculis

75 3629 204 3685 onerata
230 3624 373 3689 habeatis
398 3625 530 3689 liberam
552 3626 749 3704 facultatem,
777 3627 822 3687 ita
845 3631 881 3688 ut
901 3629 1030 3708 propter
1050 3625 1109 3688 hoe
1131 3625 1229 3687 nichil
1249 3646 1269 3688 a
1290 3626 1381 3690 vobis

77 3729 128 3774 seu
161 3732 181 3774 a
203 3717 315 3779 nestris
336 3717 463 3780 nunciis
485 3717 647 3798 exigatur,
668 3735 724 3778 seu
748 3714 833 3796 quod
854 3714 965 3796 ungelt
984 3714 1157 3797 vulgariter
1178 3715 1302 3794 dicitur,
1324 3735 1379 3780 seu

78 3801 215 3865 thelonei
244 3805 375 3869 ratione.
416 3806 485 3870 Heo
516 3807 555 3868 ad
582 3805 797 3888 preparandas
819 3804 909 3866 vobis
936 3803 1036 3887 pelles
1057 3811 1087 3868 et
1109 3804 1226 3867 calcios
1247 3806 1381 3886 singulis

76 3893 164 3954 ursinis
195 3895 291 3957 semel
318 3895 409 3958 vobis
440 3897 605 3959 ducentur.
654 3895 802 3958 Pretereu
832 3895 860 3956 si
887 3905 962 3974 pro⁸
989 3894 1141 3976 predictis
1174 3894 1269 3957 rebus
1296 3915 1382 3957 com-

78 3982 225 4061 parandis
251 4003 309 4047 seu
330 3986 441 4047 vinum
471 3987 538 4048 sive
567 4003 785 4066 quascumque
812 3983 890 4045 alias
909 3993 1032 4045 merces
1050 3983 1266 4045 conrnrutaudi
1286 4004 1383 4046 causo

77 4071 286 4150 adduxeritis,
313 4075 344 4136 in
371 4075 432 4137 hiis
456 4076 539 4138 sicut
565 4076 597 4136 in
626 4074 776 4158 predictis
802 4071 944 4156 predicta
969 4072 1183 4155 indulgentias
1209 4075 1382 4155 gaudeatis.

81 4157 230 4222 l'olcntes
250 4163 348 4243 igitur
367 4163 449 4226 hane
470 4163 702 4246 indulgentiam
723 4162 877 4225 illibatam
898 4160 990 4224 ‘vobis
1011 4181 1048 4224 ae
1070 4168 1175 4224 vestro
1192 4166 1382 4226 monasterie

78 4247 106 4308 in
137 4257 329 4332 perpetuum
364 4271 551 4335 permanere
590 4253 649 4318 sub
683 4253 892 4316 anathematis
920 4251 1177 4314 interminatione
1210 4253 1383 4315 districtius

79 4336 270 4421 inhibemus,
300 4359 341 4405 no
367 4361 526 4425 superea
555 4345 723 4425 quisquam
747 4361 804 4404 vos
832 4341 949 4403 audeat
974 4347 1092 4403 temere
1120 4341 1305 4422 perturbare
1332 4343 1383 4404 vel

80 4427 180 4490 eidem
220 4431 320 4494 modis
357 4431 518 4513 aliquibus
550 4433 687 4495 obviare.
740 4431 785 4494 Ut
815 4436 922 4493 autem
953 4429 1010 4492 heo
1042 4449 1172 4513 presens
1204 4433 1317 4512 pagina
1350 4433 1382 4492 in

81 4525 240 4595 posterum
275 4521 371 4584 nullis
404 4523 508 4586 valeat
543 4520 858 4606 tergiversationibus
888 4519 1059 4600 antrullari,
1094 4522 1194 4602 ipsam
1231 4521 1383 4584 duximus

80 4605 168 4688 sigilli
194 4610 292 4672 nostri
313 4616 345 4674 ct
366 4611 616 4698 subscriptorum
633 4615 781 4676 testium⁸
802 4611 979 4672 munimine
995 4609 1215 4672 roborandam.
1245 4609 1384 4676 Nomina
