3506 5148
643 376 692 443 Nr.
703 382 851 444 tat-tat.
871 379 950 444 1326.
1399 384 1451 446 483

140 541 171 601 et
196 535 351 602 tradimus
377 537 533 622 religiosis
554 539 632 602 viris
657 539 785 602 domino
807 539 926 620 abbati,
958 541 1129 603 conventui
1152 545 1183 604 et
1203 542 1393 606 monasterio
1416 542 1447 604 in

140 627 236 691 Porta
264 647 358 692 ornne
378 630 430 692 ius
451 630 667 712 proprietatis,
694 629 781 692 utilis
803 637 833 692 ct
854 630 962 694 directi
984 630 1116 693 dominii
1137 631 1233 694 trium
1256 631 1448 713 quartalium

140 719 238 780 unius
265 719 368 781 mansi
396 739 470 782 cum
496 719 579 782 areis
603 729 635 782 et
663 719 733 782 aliis
764 721 831 782 suis
864 720 1067 802 pertinenciis
1095 739 1131 782 ac
1160 739 1273 798 censu,
1306 720 1449 784 videlicet

139 807 241 870 tribus
273 808 381 872 solidis
412 815 442 872 et
471 809 574 873 tribus
599 810 736 873 denariis
766 809 975 873 Erffordensis
1007 817 1148 887 monete,
1182 829 1245 892 qne
1276 809 1358 872 bona
1390 812 1450 873 sita

141 903 219 958 sunt
240 899 271 959 in
295 898 372 961 villa
392 903 423 962 et
443 901 563 983 campis
583 898 796 976 Tachebeche‚
825 898 863 961 de
889 897 1008 981 quibus
1035 907 1066 961 et
1087 899 1180 962 datur
1200 900 1336 980 singulis
1357 902 1450 964 annis

140 997 153 1050 1
175 1007 267 1064 alica,
294 1007 356 1069 que
384 990 512 1071 quidem
534 989 617 1078 bona
638 990 789 1073 providus
810 992 860 1050 vir
880 988 1031 1052 Nicotaus
1057 989 1161 1052 dictus
1187 989 1225 1052 do
1249 989 1451 1054 Wissensehe

139 1079 219 1140 civis
248 1076 458 1144 Erffordensis
495 1101 513 1144 a
545 1080 637 1146 nobis
673 1081 706 1143 in
737 1079 827 1143 feodo
861 1079 972 1142 babuit
1003 1084 1033 1142 ct
1063 1078 1234 1142 liberaliter
1264 1080 1303 1142 ad
1335 1100 1450 1144 manus

140 1177 265 1232 nostras
293 1165 481 1252 resignavit,
506 1171 654 1254 predictis
684 1169 839 1251 religiosis
860 1169 941 1234 facta
962 1170 1137 1232 donacione
1159 1171 1294 1253 perlecta
1315 1171 1451 1236 totaliter

140 1265 171 1320 et
198 1259 349 1342 conplete.
398 1261 696 1324 Abrenuncciamus
724 1261 822 1340 igitur
850 1259 1001 1324 omnibus
1032 1259 1170 1340 iuribus,
1201 1260 1312 1324 usibus
1338 1268 1369 1326 et
1397 1262 1451 1325 ob·

141 1350 276 1432 sequiis,
305 1369 368 1432 que
396 1350 488 1414 nobis
509 1356 540 1414 et
560 1352 678 1414 nostris
699 1349 936 1414 successoribus
958 1351 989 1412 iu
1014 1350 1107 1412 «lictis
1128 1349 1220 1414 bonis
1243 1351 1450 1434 conpetebant

141 1440 190 1502 vel
213 1448 342 1522 possent
361 1448 527 1524 conpetere
547 1441 727 1524 aliqualiter
747 1439 957 1504 infuturum,
1000 1438 1037 1502 In
1060 1459 1195 1521 qnorum
1219 1443 1362 1504 omnium
1385 1462 1451 1504 ccr-

141 1530 310 1592 titudinem
333 1537 510 1613 presentem
532 1532 666 1595 litteram
692 1530 827 1613 desuper
844 1532 903 1593 rite
920 1531 1093 1594 confectam
1109 1531 1209 1594 nostri
1224 1531 1320 1613 sigilli
1335 1551 1451 1616 appen-

142 1621 231 1683 sione
260 1620 394 1684 t'ecimus
421 1623 609 1704 consignari.
660 1620 777 1684 Datum
810 1639 893 1684 anno
924 1620 1044 1684 domini
1076 1629 1293 1698 MCchXt'l,
1325 1623 1369 1699 [in
1400 1623 1451 1686 die

144 1709 261 1790 beatel¹
284 1709 466 1794 llargarete.
507 1712 613 1776 Testes
634 1716 710 1774 sunt
730 1711 855 1774 discreti
878 1711 936 1774 viri
950 1709 1348 1794 Gotschalkusllerlinger,
1370 1711 1450 1775 Con-

143 1801 241 1865 radus
270 1799 438 1865 Lutirborn
469 1809 500 1866 et
530 1803 740 1866 Gotschallrus
776 1801 814 1864 de
848 1801 1009 1866 Reinstetc
1045 1801 1131 1864 circs
1165 1799 1380 1866 Erffordenses
1420 1811 1451 1866 et

142 1891 249 1973 plures
277 1892 338 1956 alii.

211 2015 270 2070 ’Ἠ
287 2017 410 2071 verrom
427 2018 458 2071 iu
475 2017 560 2072 dieser
576 2017 661 2072 Weiss
679 2017 740 2072 sehr
758 2017 851 2087 br'iufip
867 2015 919 2071 dot
936 2015 1050 2070 Datum.

677 2180 928 2188 --..-..—....—.—..

146 2227 261 2309 1326.
287 2226 555 2310 brunerus.
1361 2232 1451 2314 525.

223 2373 370 2450 Eracute,
398 2373 600 2453 modifiaierte
634 2371 785 2438 strennue
817 2375 872 2437 der
903 2373 1033 2437 Briider
1064 2373 1201 2439 Kourod
1229 2377 1298 2439 und
1319 2377 1452 2440 Kourod

181 2483 241 2526 oon
265 2461 438 2527 Tourmeda
462 2465 538 2527 iiber
568 2465 619 2527 dic
643 2467 679 2527 iu
702 2463 761 2528 Nr.
776 2465 843 2530 523
871 2465 1049 2528 belroudelte
1071 2465 1261 2548 Zueipnuny
1282 2469 1339 2530 urit
1366 2469 1451 2548 Wop-

181 2553 312 2634 lnssuuy
333 2555 388 2616 cler
404 2553 516 2617 halben
537 2553 627 2635 Hufc
648 2554 681 2617 iu
706 2551 935 2620 Gross-Dotm.

292 2681 429 2736 Hdscbsa
456 2681 485 2735 D
504 2671 575 2736 mn
601 2683 653 2747 (tit.
671 2680 887 2748 Hasstnhusen).
927 2679 949 2732 Τ
963 2685 996 2734 75
1021 2682 1069 2734 mit
1092 2682 1245 2749 Neuluisers
1263 2682 1452 2752 Bemerluup:

343 2761 435 2814 Litore
465 2761 612 2830 originales
639 2761 827 2831 suprascripte
859 2767 927 2813 sunt
961 2760 1028 2814 mihi
1059 2763 1167 2816 notario
1196 2762 1376 2832 infrascripto
1404 2781 1453 2832 per

343 2842 488 2894 dominum
507 2839 637 2895 abbatom
657 2841 816 2894 monasterii
836 2840 864 2893 in
884 2839 969 2895 Porta
986 2839 1119 2908 exhibite,
1141 2839 1187 2895 sod
1208 2843 1274 2912 quia
1293 2857 1451 2911 permutes

343 2929 423 2976 erant
448 2938 564 2988 corroso,
590 2920 643 2990 legi
668 2925 696 2975 et
723 2919 874 2974 auscultari
903 2937 959 2974 non
988 2927 1125 2990 poterant.
1162 2921 1271 2976 Retulit
1289 2929 1381 2976 tamen
1401 2939 1452 2976 aus

342 3002 491 3056 reverendo
518 3001 669 3071 paternitas
693 2999 802 3071 copiam
831 3001 1012 3072 prescriptam
1047 3017 1107 3054 esse
1134 3007 1276 3072 sumptam
1304 3019 1338 3056 cx
1368 3003 1451 3056 reteri

341 3082 442 3152 copiali
459 3081 674 3153 privilegiorum,
693 3079 767 3150 quod
788 3081 817 3135 in
835 3080 951 3135 cenobio
970 3081 1095 3137 habent.¹

296 3174 408 3228 Druck:
425 3174 561 3228 Desitscb:
585 3171 670 3241 Wolff
684 3171 725 3241 II,
745 3177 804 3231 416.
846 3171 903 3242 Vpl.
922 3171 1033 3227 Oorssea
1051 3177 1111 3227 341.

222 3297 262 3361 In
284 3299 412 3364 nomine
434 3298 562 3360 domini.
593 3298 708 3360 Amen.
750 3295 816 3359 Nos
837 3295 1003 3359 Oonmdus
1023 3302 1054 3360 et
1080 3296 1244 3361 Conradus
1266 3297 1376 3362 iratres
1403 3299 1452 3362 dei

141 3389 250 3472 gracia
273 3388 393 3452 domini
414 3389 446 3450 in
469 3385 611 3450 'Panrode
636 3386 893 3468 recognoscimus
919 3391 950 3449 ct
980 3387 1129 3450 omnibus
1151 3387 1264 3450 Christi
1298 3387 1453 3465 fidelibus,

141 3480 198 3564 qui
221 3483 398 3562 presentem
420 3479 556 3541 litteram
577 3478 723 3564 viderint
742 3481 853 3538 notum
876 3495 945 3539 esse
966 3478 1114 3560 cupimus
1134 3483 1165 3540 et
1182 3483 1335 3557 constare,
1358 3479 1453 3561 quod,

141 3589 215 3632 cnm
244 3587 302 3630 nos
330 3567 418 3632 sicud
446 3573 477 3631 et
497 3569 595 3631 nostri
617 3568 831 3650 progenitores
853 3565 1019 3629 dominum
1041 3566 1184 3630 abbatem
1208 3573 1238 3631 et
1259 3575 1450 3631 conventum

141 3659 326 3722 monasterii
347 3657 525 3721 Portcnsis²
552 3659 654 3723 simus
675 3657 891 3720 indesinenter
912 3658 1124 3739 promocionis
1145 3665 1176 3721 ot
1197 3659 1326 3722 honoris
1348 3658 1452 3721 studio

141 3749 300 3831 prosecuti
309 3749 331 3824 l,
361 3768 420 3810 nos
451 3750 483 3811 in
515 3754 695 3812 nostrorum
727 3751 758 3810 et
788 3746 965 3809 dictorum⁰
997 3748 1235 3830 progenitorum
1272 3754 1451 3812 nostrorum

141 3838 381 3921 peccaminumd
402 3837 621 3902 remissionem
644 3838 684 3899 de
705 3855 804 3917 mera,
832 3835 931 3900 libera
957 3842 988 3899 et
1016 3837 1161 3901 absoluta
1183 3839 1345 3902 voluntate
1367 3839 1452 3902 dedi-

141 3947 228 4007 muS‚
256 3925 446 3991 donavimus
467 3933 499 3990 et
519 3927 707 3990 tradidimus
728 3931 759 3989 et
779 3927 980 4009 presentibus
1002 3927 1128 4011 damus,
1156 3929 1312 3992 donamus
1340 3935 1371 3992 et
1390 3934 1453 3992 tra-

142 4018 251 4080 dimus
273 4017 400 4080 domino
422 4016 536 4096 abbati,
556 4019 726 4081 conventui
750 4033 786 4078 ac
808 4019 999 4080 monasterio
1020 4019 1168 4100 predictis
1190 4038 1285 4082 omne
1310 4021 1362 4082 ius
1382 4037 1453 4102 pro·

141 4108 303 4192 prietatis,
331 4107 416 4190 quod
437 4107 529 4170 nobis
551 4108 583 4170 in
605 4107 725 4186 boniss,
753 4106 898 4169 videlicet
920 4109 954 4169 in
975 4126 1041 4169 uno
1063 4127 1174 4171 manso
1195 4110 1255 4172 sito
1278 4111 1310 4170 in
1333 4110 1453 4191 campis

142 4197 277 4260 Minoris
288 4193 431 4261 Dobene¹
451 4197 611 4262 solvente⁸
632 4196 768 4280 singulis
790 4197 903 4258 sannisl
925 4197 1061 4261 mediam
1075 4216 1223 4278 marcam,
1245 4219 1340 4281 quem
1353 4197 1452 4261 Bern-

141 4287 263 4351 hardus
284 4287 387 4350 dictus
405 4287 579 4352 Stobiolrin¹
602 4308 621 4350 a
642 4287 755 4350 nobisk
777 4285 889 4350 habuit
905 4288 939 4349 in
960 4287 1063 4369 feodo,
1089 4290 1163 4352 item
1192 4290 1226 4351 in
1254 4309 1320 4351 uno
1341 4307 1452 4351 manso

142 4380 202 4442 sito
230 4379 263 4440 in
294 4380 412 4462 campis
433 4378 507 4442 ville
527 4377 690 4458 Pomnycz
712 4376 868 4440 solvente¹
889 4377 1024 4459 singulis
1045 4380 1159 4442 annish
1182 4399 1278 4442 unam
1302 4397 1454 4457 marcam,

143 4487 239 4552 quem
252 4466 424 4533 Heinricus
446 4469 549 4532 dictus
570 4469 633 4531 dem
648 4468 826 4550 Balgestete
847 4488 865 4530 a
886 4467 997 4532 nobisl
1020 4470 1166 4532 similiter
1187 4471 1290 4533 tenuit
1302 4471 1335 4533 in
1353 4468 1453 4549 leode,

143 4562 218 4624 item
241 4560 274 4621 in
298 4566 434 4642 quatuor
454 4560 575 4624 mansis
595 4560 664 4622 sitis
688 4560 720 4622 in
743 4559 863 4640 campis
880 4556 1223 4641 villeHassenhusenr,
1245 4558 1453 4642 quosEcbar-
