3402 5152
591 399 802 460 Nr.4as-4ao.
823 401 898 461 1309.
1348 403 1400 462 408

97 579 210 661 1309.
239 575 493 680 September
505 575 571 658 29.
608 575 781 658 Schloss
807 574 1044 675 Nlenburg.
1304 578 1398 661 429.

125 775 129 798 ,
172 714 326 778 Heinrich
345 713 389 797 [I.
410 712 487 777 abac
508 713 621 796 Land]
649 712 831 794 Martyres
846 733 905 778 voa
926 713 1164 798 Brundeaburp
1184 717 1254 779 aad
1274 717 1401 780 Lunds-

131 807 201 885 berp
234 803 354 879 ertlreilt
382 803 451 867 dem
481 803 604 868 Kloster
635 803 745 884 berte
772 804 868 886 frates
901 803 1002 868 (lateat
1028 806 1098 870 aad
1126 804 1401 888 Abpobenfrelbcit

131 895 296 964 innatat
317 897 418 960 scices
439 894 575 958 Larodes.

248 1022 378 1077 Hamae:
398 1012 509 1076 T309b.
538 1020 568 1074 D
582 1011 652 1076 132¹¹
672 1021 725 1089 (lit.
744 1020 787 1075 De
806 1020 947 1089 theloneo)
966 1022 1017 1077 mit
1033 1024 1170 1078 anteluca
1187 1025 1363 1095 Kdyaunpaa.

242 1115 353 1170 Druck:
371 1114 509 1169 Deutscb:
534 1112 620 1182 Wolff
634 1113 675 1180 II,
693 1117 753 1168 331.
799 1133 800 1141 ¹

173 1241 240 1306 Nos
272 1240 433 1304 Henricus
464 1238 514 1302 dei
547 1239 653 1320 gracia
691 1237 830 1302 marchio
861 1237 1179 1324 Braudenburgensis
1208 1247 1239 1305 et
1268 1240 1401 1308 Laudis-

94 1333 258 1415 bergensis
287 1330 545 1414 recognoscimus
576 1334 684 1391 tenore
714 1330 909 1410 presentium
947 1349 984 1392 ac
1020 1330 1146 1412 publice
1183 1337 1403 1416 protestamur,

93 1425 179 1508 quod
206 1421 407 1486 honorabiles
434 1440 470 1483 ac
499 1419 637 1502 religiosi
658 1419 716 1481 viri
738 1417 850 1483 fratres
872 1419 910 1483 de
925 1418 1021 1484 Porta
1043 1421 1210 1486 nobiscum
1233 1443 1266 1486 sa
1287 1427 1402 1490 amica-

93 1516 199 1578 biliter
219 1517 458 1596 conposuerunt
478 1529 574 1592 super
597 1511 822 1592 querimonia·‚
851 1526 947 1594 quam
974 1510 1128 1575 adversus
1152 1514 1237 1596 ipsos
1258 1512 1403 1598 aliquad·
1482 1546 1495 1566 s

93 1613 162 1669 tum
192 1606 342 1687 temporis
368 1601 573 1666 habebamus.
616 1598 654 1662 In
681 1601 809 1682 signum
837 1601 936 1682 igitur
962 1601 1059 1664 huius
1081 1621 1154 1666 vere
1180 1606 1322 1668 amicicie
1343 1608 1402 1690 ipsi

92 1698 232 1758 claustro
260 1693 405 1757 Portensi
435 1697 466 1754 et
494 1692 592 1754 curiis
621 1689 770 1754 omnibus
797 1691 961 1774 adipsum
986 1693 1404 1774 pertinentibusdamuset

94 1785 301 1849 concedimus
333 1784 483 1846 ducatum
515 1787 546 1844 et
576 1781 744 1844 transitum
778 1799 926 1844 securum
957 1799 1013 1845 sau
1048 1785 1247 1847 securitatem
1277 1786 1402 1868 plenam

94 1895 150 1958 pre
177 1874 328 1938 omnibus
354 1893 409 1957 pro
438 1871 530 1934 nobis
556 1871 676 1954 aliquid
704 1870 806 1934 facere
832 1891 887 1934 seu
916 1872 1073 1936 dimittere
1102 1873 1280 1938 volentibus
1306 1877 1403 1940 eundi

96 1973 128 2030 et
161 1965 337 2029 redeundib
366 1983 422 2046 per
452 1969 594 2026 nostram
624 1969 739 2025 terram
771 1981 807 2024 ac
838 1961 1089 2028 iurisdictionem
1116 1970 1147 2027 et
1172 1966 1320 2048 precipue
1349 1985 1404 2049 pre

94 2058 215 2120 nostris
245 2047 413 2118 advocatis.
466 2053 517 2116 Ab
550 2053 700 2116 omnibus
732 2070 859 2136 quoque
889 2051 1033 2131 teloneis,
1060 2053 1204 2135 angeldis
1229 2059 1405 2140 ceterisque

90 2150 224 2212 iniustis
245 2144 465 2210 exactionibus
487 2144 603 2207 debent
623 2162 692 2206 esse
712 2141 804 2205 liberi
825 2149 857 2205 et
877 2143 980 2208 soluti.
1011 2142 1101 2227 Ipsos
1123 2164 1195 2208 vero
1214 2147 1247 2209 in
1263 2153 1402 2211 nostram

89 2238 226 2302 tutelam
257 2247 312 2300 ac⁰
341 2235 555 2298 defensionem
584 2239 747 2316 susceptos
775 2233 927 2296 nolumus
947 2254 965 2296 a
985 2237 1102 2298 nostris
1123 2237 1157 2298 in
1178 2237 1284 2320 aliquo
1306 2239 1404 2302 mole·
1517 2246 1526 2271 ⁸

66 2329 179 2392 stari.
223 2326 261 2390 In
291 2329 383 2390 cuius
410 2327 456 2388 rei
483 2325 701 2388 testimonium
727 2329 904 2407 presentem
927 2326 1075 2406 paginam
1105 2329 1284 2392 munimine
1303 2331 1404 2394 nostri

88 2419 190 2502 sigilli
211 2417 345 2482 fecimus
367 2416 566 2480 communiri.
609 2413 728 2478 Datum
744 2434 828 2478 anno
844 2415 965 2478 domini
985 2425 1120 2480 M⁰ccu⁰
1143 2436 1235 2494 nono,
1256 2419 1404 2483 incastro

87 2515 203 2573 nostro
225 2507 429 2586 Nuenburcr,
449 2507 483 2568 in
506 2506 556 2568 die
578 2505 678 2568 beati⁰
700 2502 869 2567 Michaelis.

165 2644 364 2716 'querimonia
387 2645 413 2697 Τ
489 2634 612 2698 beundo
630 2647 659 2696 et
676 2642 818 2696 redeundo
837 2643 866 2695 D
944 2645 1001 2697 cet
1019 2644 1049 2696 D
1133 2635 1404 2719 lin-Nuenburg

84 2731 161 2798 fehlt
179 2727 211 2781 D
280 2728 331 2780 ”a
352 2728 429 2793 (stult
447 2723 533 2791 beati)
552 2723 581 2776 D

624 2831 875 2842 ...μ-*-

82 2959 216 3041 1309.
243 2955 495 3058 September
508 2954 573 3036 29.
600 2953 799 3036 Melsaen.
1307 2957 1403 3042 430.

175 3093 359 3170 Hermann,
392 3091 538 3154 Meiaber
569 3091 639 3154 aad
668 3090 782 3155 Albero
817 3089 1026 3170 Burpprcfea
1056 3112 1098 3156 aa
1129 3092 1268 3158 Meisseu
1301 3095 1404 3160 tossen

126 3189 230 3248 auter
259 3181 490 3262 Debertropaap
514 3181 599 3244 ihrer
620 3182 732 3244 Recbte
756 3182 823 3261 auf
839 3181 899 3245 das
919 3179 1046 3244 Kloster
1067 3183 1176 3264 Pfortc
1194 3185 1322 3264 petuisse
1341 3185 1405 3249 Be-

125 3276 301 3354 sitauupea
331 3274 367 3336 ia
394 3273 449 3336 der
470 3271 558 3335 dtur
578 3273 631 3334 des
652 3269 769 3354 Dorscs
791 3271 982 3349 Atlanteum,
1011 3273 1068 3336 mit
1095 3273 1195 3338 denen
1223 3294 1281 3338 tou
1309 3275 1405 3339 ilonea

123 3364 349 3430 versclriedene
369 3361 595 3442 Nownburper
616 3360 744 3442 Btlrper
772 3361 890 3426 delebat
909 3380 1044 3442 ycwesen
1065 3363 1154 3440 sind,
1182 3367 1251 3428 derra
1273 3365 1409 3449 Bisclros

132 3455 250 3523 Ulm'cb
266 3475 342 3540 ¹ram
369 3453 559 3533 Naumbury
582 3454 649 3534 aas
667 3453 725 3516 mu
752 3453 807 3516 der
829 3453 917 3516 Bilta
939 3451 1091 3517 dieselbea
1117 3454 1186 3516 dem
1206 3454 1330 3519 Kloster
1350 3477 1405 3520 au-

120 3547 297 3627 zueipaen.
347 3543 410 3624 Vpl.
433 3541 493 3608 Nr.
507 3547 579 3607 431.

248 3670 383 3725 Hdaclrrs
404 3671 479 3725 T56.
508 3670 538 3724 D
551 3674 586 3724 67
592 3659 605 3697 ‘³
623 3671 674 3738 (tit.
686 3669 867 3742 Aldinborg).

248 3764 361 3897 Drapclrg
377 3763 512 3818 Dcatnclr:
537 3762 622 3831 Wolff
636 3762 757 3830 11‚334.
806 3763 863 3832 Vpl.
880 3763 1033 3832 Pertuclrl,
1053 3767 1114 3819 126.
1153 3765 1406 3822 Bennett-Semel

314 3885 322 3912 7
360 3849 384 3902 1.

169 3960 382 4026 Reverendo*
402 3960 436 4021 in
458 3958 581 4022 Christo
608 3963 687 4042 patri
714 3960 842 4023 domino
864 3958 972 4023 Vlrico
993 3959 1258 4044 Nuenburgensis
1277 3963 1406 4027 ecclesie

62 4060 242 4143 episcopo
263 4052 484 4130 Hermannus,
513 4047 696 4112 Meinherus
718 4056 748 4113 et
770 4050 886 4113 Albero
914 4051 1026 4114 fratres
1047 4051 1096 4113 dei
1118 4053 1224 4134 gracia
1244 4052 1405 4134 burgrarii

60 4153 101 4214 in
142 4143 283 4210 Misena
310 4140 414 4204 debite
441 4138 601 4202 fidelitatis
629 4142 844 4204 constanciam
869 4159 944 4204 cum
968 4142 1195 4224 promtitudine
1224 4141 1404 4206 famulatus.

63 4242 210 4304 Vestro
237 4231 408 4295 reverende
435 4230 647 4293 dominacioni
677 4231 905 4294 notificandum
932 4232 1085 4294 duximus
1117 4233 1150 4293 iu
1183 4233 1244 4295 hiis
1274 4235 1406 4316 scriptis,

59 4327 172 4416 quod
209 4322 339 4385 domino
366 4319 471 4384 abbati
498 4325 529 4384 et
550 4323 721 4385 conventui
742 4324 776 4385 iu
798 4321 891 4384 Porta
913 4322 951 4384 de
973 4324 1119 4385 unanimi
1139 4342 1297 4386 consensu
1320 4324 1405 4387 dedi-

56 4439 167 4496 muS‚
195 4413 391 4476 donavimus
412 4418 442 4476 et
463 4411 712 4475 contradidimus
733 4413 803 4475 iusb
825 4411 912 4474 feudi
934 4410 1089 4474 bonorum
1111 4413 1195 4475 infra
1216 4415 1404 4496 scriptorum

56 4531 130 4575 geu
169 4502 405 4588 qualecunque
431 4503 483 4564 ius
505 4501 608 4579 aliud,
636 4502 721 4586 quod
743 4500 836 4564 nobis
857 4503 890 4563 in
912 4503 989 4585 ipsis
1006 4502 1203 4584 competebat
1224 4522 1281 4566 seu
1301 4510 1406 4585 posset

53 4599 275 4684 competere
295 4595 328 4656 in
349 4593 504 4674 futurum,
526 4611 588 4676 que
609 4593 738 4675 quidem
762 4593 846 4656 bona
867 4593 927 4656 sita
948 4595 1078 4657 suntin
1100 4612 1181 4678 pago
1203 4593 1406 4658 vilchlden·
