3390 5148
612 417 662 476 Νι,
676 417 736 476 206.
761 415 834 474 1268.
983 411 987 419 ’
1323 409 1373 464 217

88 575 198 636 llllll‘m
226 570 336 635 solidis
363 569 673 652 Nueuburgensibus
700 567 739 632 ab
767 567 957 630 Ethehardo
983 564 1206 628 Windishmau
1240 569 1271 626 et
1298 563 1375 628 liliis

88 663 139 724 nris
164 661 363 731 Hermanno,
388 661 581 724 Theoderico
608 667 640 723 et
660 658 822 734 Heinrico,
846 658 971 720 rusticis
996 657 1129 720 ecclesie
1156 657 1319 722 Porteusis
1341 661 1372 722 in

86 749 229 823 rhesnizv,
257 751 461 814 hereditatem
489 752 557 832 agri
583 750 633 813 siti
660 750 795 832 inpage
824 748 1042 812 Thesnitaensi
1075 747 1211 830 desuper
1240 749 1374 822 vineam,

88 859 136 919 que
154 841 289 904 Berchte
311 841 484 922 vulgariter
505 839 698 923 appellatur,
729 859 823 920 quem
854 838 938 901 idem
961 837 1170 901 Eklrehardus
1192 843 1223 900 et
1244 839 1292 900 sui
1315 839 1373 902 filii
1402 858 1404 863 ·

86 930 200 1010 predicti
224 931 263 992 ab
285 931 420 994 ecclesia
436 930 582 994 Porteusi
606 933 674 994 iure
697 929 886 994 hereditario
909 927 1121 1010 possidebant.
1163 926 1371 991 Postmodum

87 1039 147 1082 vero
183 1022 281 1083 irater
310 1019 516 1094 Gudehidus,
553 1021 664 1103 prefati
692 1019 877 1084 Wenemari
904 1037 1083 1094 successor,
1111 1017 1150 1080 de
1179 1017 1369 1098 quibusdam

85 1108 250 1172 elemosinis
271 1111 397 1172 vineam
424 1111 520 1174 huius
541 1110 627 1174 modi
647 1109 779 1172 dilatare
813 1110 945 1191 cupiens
979 1109 1050 1170 iniit
1086 1126 1159 1170 curn
1197 1107 1372 1171 venerabili

85 1198 205 1274 domino,
225 1199 419 1263 Theoderico
442 1201 599 1282 preposito
621 1199 874 1262 sanctilllauritii
895 1199 925 1260 in
940 1196 1126 1274 Nuenburg,
1148 1197 1369 1260 concambium

84 1287 149 1350 dans
169 1288 272 1352 eidem
296 1309 408 1370 agrum
431 1295 462 1352 ct
487 1295 608 1371 partem
635 1289 701 1370 agri
724 1289 801 1350 sitos
823 1289 853 1350 in
878 1287 959 1350 valle
978 1288 1061 1350 intra
1080 1287 1239 1350 Thuswitz
1259 1307 1372 1350 versus

84 1375 230 1440 llozbrach
246 1378 328 1452 (sic),
349 1399 429 1460 qrrus
452 1380 536 1442 idem
548 1379 741 1442 Godeiridus
762 1383 882 1442 emerat
903 1397 958 1458 pro
975 1376 1099 1440 drrabus
1114 1377 1229 1438 marcis
1249 1379 1371 1459 argenti

83 1475 106 1526 rt
123 1468 240 1530 fertone
262 1467 300 1529 ab
319 1468 497 1540 Evcruino,
521 1469 637 1532 rustico
657 1468 790 1532 ecclesie
803 1467 964 1530 Porteusis
987 1467 1018 1528 in
1039 1465 1195 1537 rhesum,
1216 1485 1273 1548 pro
1295 1487 1371 1547 agro

83 1564 106 1616 et
129 1563 211 1638 parte
234 1560 300 1638 agri
331 1559 484 1641 prelibato
511 1558 692 1622 Elibehardi
718 1577 793 1640 agro
816 1558 960 1639 proximo
986 1556 1123 1638 desuper
1144 1555 1370 1618 adiacentibus.

85 1643 155 1710 llnrit
180 1649 274 1710 etiarn
303 1647 387 1711 idem
410 1649 602 1712 Godefridus
629 1648 668 1710 ab
690 1645 805 1710 Iacobo
838 1652 869 1709 et
897 1645 1049 1708 fratribus
1070 1646 1136 1708 suis
1157 1645 1318 1708 Hertwico
1340 1653 1372 1709 et

82 1733 274 1812 Hartmauno,
290 1738 415 1800 rusticis
426 1738 559 1802 ecclesie
571 1737 741 1806 Porteusis,
759 1757 814 1819 pro
829 1737 978 1800 tredecim
990 1733 1099 1797 solidis
1110 1733 1371 1818 Nuenburgcnsi-

82 1821 132 1884 hus
160 1833 189 1887 et
221 1827 352 1889 dimidio
384 1828 549 1891 dimidium
583 1847 694 1908 agrum
722 1828 817 1889 situm
844 1827 927 1888 inter
954 1845 1065 1905 agrum
1096 1830 1127 1886 et
1152 1833 1273 1906 partem
1303 1827 1369 1908 agri

82 1916 217 1996 prepositi
239 1917 440 1999 supradicti.
483 1917 698 1980 Commutavit
718 1917 812 1978 etiarn
834 1916 917 1978 idem
942 1915 1134 1978 tlodehidus
1153 1913 1191 1975 ab
1211 1915 1370 1980 thiderico

81 2012 276 2084 cognomento
305 2005 420 2068 Cesare
447 2013 480 2070 ct
504 2005 581 2068 tiliis
609 2007 675 2068 suis
702 2005 865 2068 Gerhardo
897 2009 928 2066 et
950 2003 1105 2080 Conrado,
1138 2005 1210 2066 item
1244 2005 1370 2068 rusticis

80 2093 199 2157 ecclesie
215 2094 384 2164 Porteusis,
406 2101 526 2178 partem
548 2096 615 2178 agri
637 2096 721 2174 agris
742 2096 903 2178 premissis
918 2095 1055 2177 desuper
1068 2095 1275 2172 adiacentem,
1292 2096 1371 2158 dans

81 2182 185 2246 eisdem
212 2191 334 2266 partem
360 2186 426 2266 agri
454 2187 487 2248 in
508 2191 624 2263 monte,
647 2205 742 2266 (prem
764 2190 884 2248 emerat
905 2185 943 2246 ab
963 2184 1132 2248 Evervvino
1154 2186 1275 2267 prefato
1296 2205 1370 2250 cum

80 2273 153 2350 apris
173 2274 319 2356 superius
339 2275 517 2352 nominatis,
540 2275 787 2357 equipolleutem
811 2275 889 2356 parti
911 2274 978 2355 egri
1000 2275 1062 2337 iam
1083 2276 1238 2356 premissi.
1277 2274 1371 2338 Com-

79 2363 189 2439 paravit
209 2363 327 2426 nichilo
347 2365 453 2428 miuus
479 2383 553 2446 sepe
575 2365 679 2428 dictus
698 2365 797 2427 trater
818 2364 1010 2428 (lodohidus
1031 2371 1151 2448 partem
1174 2365 1370 2428 communio·

80 2449 133 2526 nis,
157 2471 216 2533 que
238 2454 363 2534 gmeine
386 2455 560 2536 vulgariter
581 2454 711 2532 dicitur,
738 2455 822 2538 agris
843 2475 939 2536 supra
961 2454 1085 2536 scriptis
1105 2455 1137 2516 in
1160 2456 1262 2538 capite
1284 2455 1370 2517 adia-

79 2545 188 2602 centem
211 2541 251 2604 ad
272 2543 454 2606 faciendum
475 2545 628 2606 fossatum
657 2543 696 2604 oh
719 2544 849 2606 tutelam
871 2545 964 2608 vinee
986 2541 1025 2605 ab
1049 2545 1254 2608 universitate
1277 2545 1370 2607 rusti-

80 2647 175 2692 romm
203 2632 234 2693 in
265 2632 401 2696 Tuswim
429 2639 460 2696 et
485 2634 517 2694 in
548 2634 672 2696 Tesuitz
700 2653 755 2716 pro
785 2653 848 2696 nno
876 2632 1008 2700 vexillo.
1035 2633 1148 2696 braeulo
1170 2639 1201 2696 et
1223 2653 1317 2696 cruce
1339 2641 1371 2698 ct

79 2714 149 2779 libro
174 2722 394 2804 precipuarum
426 2723 694 2806 sollempnitatum
722 2723 829 2786 cilicia
854 2722 1052 2784 matutinalia
1079 2723 1274 2794 continente,
1307 2743 1369 2804 que

79 2809 172 2870 numa
197 2811 306 2873 rustici
334 2813 547 2894 predictarum
575 2811 723 2875 villarum
745 2813 783 2874 ad
807 2813 958 2874 honorem
981 2811 1031 2874 dci
1054 2831 1110 2874 sue
1130 2813 1263 2875 ecclesie
1285 2833 1370 2874 cour-

78 2898 203 2961 muniter
223 2907 255 2963 et
274 2900 414 2964 fideliter
434 2901 625 2964 obtulerunt.
657 2902 799 2966 Coruulit
820 2903 914 2965 etiam
937 2901 1020 2963 idom
1033 2902 1226 2964 (lodehidus
1249 2903 1367 2966 eisdem

79 2987 191 3050 rusticis
219 2997 284 3052 tam
310 3011 366 3074 pro
393 2997 481 3074 parte
513 2993 746 3055 communionis
771 2993 912 3074 predicte
940 3011 1034 3072 qumn
1067 2992 1161 3053 etiam
1194 3011 1250 3074 pro
1282 3011 1369 3054 reco-

78 3076 206 3152 mitione
222 3081 365 3142 omnium
386 3081 611 3164 premissorum
635 3083 755 3160 vinum,
774 3081 941 3144 cervisiam
963 3087 994 3142 et
1013 3081 1074 3142 alia
1096 3081 1211 3162 eliqua.
1234 3101 1369 3162 (prorum

79 3166 206 3228 omnium
227 3169 384 3232 estimatio
406 3177 537 3252 pensata
558 3177 605 3234 est
627 3171 658 3233 iu
683 3171 788 3233 valore
809 3179 947 3233 lixit!um
970 3169 1273 3252 Nuenhurgcnsium
1296 3171 1370 3233 soli-

79 3251 185 3316 dorum.
234 3255 274 3318 Et
301 3258 376 3338 quia
403 3259 460 3322 hec
488 3261 593 3322 omnia
619 3281 714 3342 supra
743 3259 859 3342 scripta
885 3277 942 3342 per
967 3259 1173 3322 elemosinam
1196 3260 1300 3322 datam
1329 3260 1367 3322 ad

78 3339 175 3410 altare.
204 3346 258 3409 ubi
280 3348 409 3410 cottidie
430 3349 611 3412 celebretur
629 3349 667 3412 de
689 3349 781 3412 beate
803 3350 926 3431 virgim
948 3349 1063 3426 liaris,
1085 3355 1160 3411 suut
1180 3357 1369 3433 comparata,

78 3432 247 3497 ordinamus
274 3442 306 3499 et
332 3439 567 3517 constituimus,
591 3444 625 3501 ut
646 3439 855 3516 infirmarius,
878 3439 932 3519 qui
955 3459 1011 3521 pro
1033 3445 1173 3521 tempore
1196 3440 1307 3507 tuerit.
1330 3441 1368 3502 de

78 3524 269 3597 proventibus
300 3527 393 3590 vinee
425 3529 494 3590 eius
530 3528 615 3590 modi
647 3529 733 3590 omni
766 3547 865 3596 auno,
895 3529 961 3590 sive
994 3529 1129 3590 multum
1161 3529 1227 3592 sive
1256 3549 1367 3612 parum

78 3605 220 3706 habuerit,
255 3615 308 3678 det
340 3617 465 3680 custodi
497 3617 642 3680 Pcrtensi
673 3619 815 3698 quinque
842 3619 983 3682 fertones
1010 3619 1145 3700 argenti,
1178 3620 1232 3700 qui
1261 3625 1368 3682 (eustos

77 3699 138 3761 rude
158 3705 340 3784 procurabit
359 3705 422 3768 duo
444 3707 613 3770 luminaria
633 3707 672 3770 de
694 3727 768 3790 sepo
791 3727 901 3770 arsura
927 3715 1048 3770 tantum
1077 3713 1216 3791 tempore
1244 3712 1367 3770 noctur-

76 3787 142 3859 nali,
168 3811 268 3856 unum
297 3795 446 3859 videlicet
467 3802 538 3860 ante
561 3797 658 3860 altare
681 3798 830 3860 undecim
854 3797 975 3860 milium
1000 3797 1158 3880 virginum
1181 3804 1214 3860 et
1234 3797 1368 3860 alterum

76 3883 137 3940 ante
164 3880 261 3945 altare
289 3903 384 3966 supra
411 3885 539 3948 dictum.
581 3886 781 3949 infirmarius
802 3907 878 3950 vero
901 3886 1083 3968 procurabit
1103 3887 1237 3950 tercium
1260 3885 1366 3950 lumen

75 3971 136 4030 ante
171 3969 269 4034 altare
305 3979 413 4038 sancte
446 3974 618 4038 Katherine
655 3995 801 4039 arsurum
832 3976 976 4040 similiter
1007 3983 1148 4060 tempore
1181 3976 1367 4039 nocturnali.
1426 4021 1429 4028 ,

78 4051 211 4151 Plreterea
232 4062 369 4126 infirmis
389 4083 447 4146 pro
469 4067 667 4147 reparatione
690 4085 802 4128 carnes
823 4066 1064 4129 comedentibus
1085 4067 1189 4148 pullos
1211 4066 1368 4128 ministre-

76 4139 111 4242 brl
136 4146 279 4224 honeste,
306 4151 447 4234 reliquos
476 4159 591 4218 autem
609 4155 754 4218 infirmos
780 4156 813 4216 in
839 4155 980 4236 piscibus
1002 4155 1192 4238 procurabit
1233 4155 1369 4237 Insuper

74 4243 165 4330 roam,
186 4240 212 4302 si
233 4241 340 4324 priori,
361 4242 520 4326 subpriori
542 4250 574 4308 et
595 4244 774 4306 senioribus
797 4245 901 4306 visum
922 4245 1027 4316 fuerit,
1049 4251 1084 4308 ut
1099 4245 1247 4320 sufficiat,
1270 4245 1368 4306 serri-

73 4337 146 4420 ⁰¹l¹¹¹¹
174 4347 275 4392 uuum
304 4332 477 4394 couventui
506 4332 651 4396 Porteusi
681 4333 773 4396 aunis
800 4333 934 4415 singulis
961 4335 1046 4396 inha
1072 4343 1216 4396 octavam
1246 4352 1368 4396 assimi-

73 4416 177 4487 lllonis
201 4417 292 4482 beate
321 4421 468 4502 virginis,
497 4427 590 4503 prout
616 4421 806 4491 decreverit,
834 4423 1032 4486 ministrabit.
1080 4423 1128 4488 Ne
1153 4425 1252 4506 igitur
1273 4442 1369 4506 super

73 4505 223 4600 tremissis
249 4511 348 4592 possit
376 4511 411 4573 in
436 4517 598 4594 posterum
623 4511 758 4574 suboriri
787 4511 894 4593 aliqua
916 4513 1039 4594 questio
1062 4515 1129 4577 sive
1149 4513 1367 4596 interpretatio

73 4590 220 4676 cavallosa,
241 4605 420 4682 presentem
442 4599 589 4684 paginam
613 4599 789 4684 sigillorum
812 4607 991 4666 nostrorum
1014 4601 1262 4686 appensionibus
1274 4603 1367 4666 iussi-
