3390 5148
313 350 367 413 ala
692 355 922 415 Urkundenbuoh
939 359 988 416 des
1006 359 1132 416 lilosters
1150 359 1251 417 Pforte.

315 508 451 590 doricus]
481 511 520 575 de
548 509 662 574 Leston
691 503 822 590 milites,
850 511 986 575 Mathias
1018 512 1173 595 plebanus
1204 513 1243 577 de
1273 513 1497 597 Rugehusent
1527 513 1602 578 Diti·

313 601 441 663 marns‘l
462 599 592 683 Longus
609 606 641 664 et
650 599 836 664 Dithmarus
851 601 939 665 iilius
959 603 1028 666 aius
1050 603 1089 665 de
1101 602 1193 665 Solae
1215 608 1247 666 et
1269 601 1321 666 alii
1345 622 1440 685 quarn
1462 604 1571 688 plures.

384 717 395 744 ³
425 731 488 769 oum
513 719 637 786 tempore
661 713 796 770 labuntur
829 715 854 768 Τ
929 706 942 742 ¹¹
971 716 1033 769 fieri
1058 717 1145 786 possit
1177 715 1203 768 Τ
1283 717 1295 744 ⁶
1324 717 1352 770 in
1379 717 1558 788 Rogehauscn
1587 719 1604 770 T

314 785 519 880 “dithamarus
537 794 566 848 D

316 953 423 1039 1272.
1528 953 1593 1038 235

394 1073 523 1139 Dilmun·
554 1075 617 1140 Abi
646 1095 705 1138 von
734 1073 934 1140 Walkenried
963 1075 1033 1138 and
1063 1073 1227 1139 Rcinburd
1255 1075 1319 1138 Abt
1349 1095 1407 1139 von
1436 1077 1542 1154 Psorta
1566 1075 1603 1138 be

353 1165 486 1245 sidtiyen
505 1164 556 1228 dic
577 1164 770 1244 metune
790 1185 849 1228 vois
869 1165 967 1228 cinam
985 1164 1161 1246 Wcinberye
1180 1165 1249 1226 und
1273 1161 1415 1246 6anen
1430 1184 1473 1228 nu
1484 1162 1604 1229 Dama

352 1253 452 1319 durch
478 1254 538 1318 den
565 1252 754 1336 Hofmeister
778 1256 832 1318 des
856 1253 1000 1319 Klostcrs
1025 1255 1131 1335 Pforte
1155 1255 1190 1317 in
1216 1254 1383 1317 Gerrstedt
1411 1253 1481 1317 ond
1508 1254 1604 1334 beffos

354 1345 555 1424 Anordnuap
588 1345 663 1410 iiber
700 1345 750 1408 die
778 1345 990 1424 Verwendnnp
1026 1343 1080 1407 des
1107 1345 1257 1423 Ertrcpes
1287 1363 1347 1408 aur
1378 1342 1532 1424 Spatana
1561 1345 1605 1406 dn

350 1431 516 1498 Konveols,

462 1550 596 1608 Educta.-
614 1549 644 1604 D
660 1544 717 1605 29¹³
734 1551 786 1618 (tit.
800 1552 965 1620 Garnstete).

459 1655 567 1708 Drrwlr:
579 1654 712 1708 Dmtacbr
728 1653 812 1722 Wolff
819 1652 863 1720 II,
878 1657 937 1712 184.
963 1653 1017 1723 Vql,
1032 1655 1147 1710 Pertucb
1157 1655 1182 1723 1,
1198 1659 1255 1712 115.
1274 1655 1604 1722 Batnai-Setamn,rt

390 1761 457 1824 Nos
486 1762 614 1836 fratrea,
646 1760 721 1822 dicti
750 1759 881 1823 abbates
909 1758 1106 1842 Dythmarus
1134 1762 1172 1825 de
1199 1759 1427 1842 Walldenride]
1458 1770 1490 1825 et
1520 1761 1606 1826 Rein·

310 1853 429 1914 hardus
450 1851 489 1914 de
508 1850 613 1927 Porta,
635 1849 794 1912 universis
814 1869 945 1932 presens
968 1851 1120 1934 scriptum
1142 1852 1259 1915 visuris
1281 1852 1509 1934 significamus,
1531 1850 1607 1934 quod

308 1961 367 2004 nos
404 1941 464 2023 piis
498 1937 712 2022 peticionibus
740 1939 847 2002 fratris
874 1939 1026 2002 Iohannis
1062 1942 1235 2023 provisoris
1269 1942 1357 2004 curie
1389 1941 1423 2004 in
1450 1941 1608 2004 Gernstete

307 2031 450 2093 inclinati
474 2031 599 2092 vineam
623 2028 782 2109 quandam
805 2035 837 2092 et
858 2049 915 2092 sex
936 2049 1064 2093 mansos
1092 2031 1169 2094 sitos
1189 2031 1223 2093 in
1244 2049 1325 2113 pago
1346 2029 1431 2110 ville,
1453 2050 1515 2112 que
1536 2031 1607 2093 anti·

309 2121 418 2202 quitus
438 2118 569 2182 Damsla
590 2117 763 2197 dicebatur,
785 2137 866 2199 quos
885 2119 970 2182 idem
992 2139 1050 2183 sua
1071 2120 1271 2203 providentia
1292 2121 1488 2204 comparavit
1506 2121 1608 2184 rolens

309 2210 349 2272 de
370 2209 416 2272 eis
437 2209 610 2272 conventui
632 2207 778 2270 Portensi
800 2206 996 2288 benefacere,
1016 2209 1210 2273 ratificantes
1230 2210 1354 2273 factum
1375 2211 1509 2274 huiusce
1529 2209 1607 2272 modi

308 2298 348 2361 ad
376 2317 470 2361 usum
500 2304 532 2360 et
558 2297 808 2360 consolationem
835 2297 910 2360 dicti
938 2305 1128 2378 conventria,
1156 2306 1280 2363 maturo
1307 2319 1404 2382 super
1428 2300 1489 2363 hoc
1510 2298 1610 2363 habito

307 2388 449 2467 consilio,
472 2386 696 2470 deputavimus
716 2387 750 2448 in
772 2386 857 2450 hunc
878 2387 1018 2466 modum,
1041 2388 1128 2470 quod
1148 2389 1300 2471 nragister
1317 2390 1406 2452 curie
1428 2396 1501 2453 ante
1523 2389 1609 2458 dicte,

309 2479 362 2559 qni
389 2498 445 2561 pro
459 2484 612 2558 'ternpore
637 2475 748 2554 fuerit,
774 2477 867 2540 annis
891 2477 1025 2560 singulis
1051 2478 1090 2541 de
1112 2478 1233 2541 eisdem
1255 2478 1348 2541 bonis
1370 2478 1482 2541 allecia
1503 2478 1611 2542 diebus

308 2567 482 2650 singuline
508 2567 589 2629 festo
613 2565 695 2628 beati
717 2565 857 2647 Martyni
887 2585 990 2647 risque
1012 2567 1051 2628 ad
1075 2567 1348 2650 quadragesimam
1370 2573 1478 2651 preter
1498 2567 1611 2630 adven-

308 2665 375 2720 tum
403 2658 524 2720 domini
549 2656 772 2734 amministrat,
798 2656 878 2719 dans
905 2657 1130 2719 subcellerario
1159 2656 1238 2720 duas
1263 2675 1383 2720 massas
1411 2657 1453 2720 ad
1473 2656 1613 2720 consola-

308 2750 426 2811 tionem
453 2748 548 2809 hnius
576 2747 661 2809 modi
687 2746 751 2822 rel,
773 2747 800 2808 si
820 2746 893 2827 plus
914 2745 1058 2826 utrisque
1079 2747 1242 2830 placuerit
1264 2747 1376 2808 deceni
1397 2765 1528 2824 marcas,
1550 2745 1613 2807 adi-

307 2839 435 2915 cientes,
458 2845 500 2915 ut,
522 2837 547 2898 si
562 2837 616 2918 qui
639 2853 859 2898 atrocessorum
880 2837 1013 2919 predicti
1034 2837 1140 2899 fratris
1160 2836 1204 2899 lo.
1225 2837 1259 2898 in
1280 2837 1340 2898 hoc
1363 2835 1518 2899 beneficio
1541 2855 1614 2898 con-

309 2927 418 2988 ventui
451 2923 652 3007 procurando
692 2925 867 3006 neglientes
906 2927 1052 2988 minusve
1084 2925 1231 2988 benevoli
1260 2925 1381 2988 fuerint
1409 2925 1613 3009 comprobati.

308 3015 392 3096 quod
415 3014 660 3078 subcellerarius
682 3015 865 3078 resumendi
887 3014 926 3078 ab
947 3015 1025 3098 ipsis
1045 3016 1128 3078 bona
1150 3035 1247 3098 supra
1268 3015 1353 3077 dicta
1365 3014 1498 3078 liberam
1514 3013 1615 3078 iacul—
1678 2971 1679 3066 l

307 3111 402 3168 tatem
433 3103 548 3166 habeat
575 3105 708 3186 ipsaque
737 3104 842 3166 locare
868 3106 996 3188 poterit,
1029 3111 1124 3188 prout
1150 3105 1322 3168 conventui
1354 3104 1469 3168 melius
1500 3105 1614 3166 viderit

307 3194 468 3278 expedire.
521 3193 671 3256 Preterea
707 3203 784 3256 Sane
818 3195 970 3258 memorie
1007 3193 1310 3273 conmendandum,
1347 3194 1432 3274 quod
1468 3211 1615 3258 mansum

306 3303 408 3348 uuum
429 3285 463 3345 in
484 3283 562 3345 rilla
576 3282 750 3346 Owerstete
772 3283 810 3346 ad
830 3285 899 3367 ipsa
919 3283 1004 3347 bona
1026 3284 1064 3347 ab
1086 3285 1200 3348 eodem
1221 3283 1317 3348 fratre
1333 3283 1379 3348 Io.
1397 3291 1615 3367 comparatum

307 3393 365 3457 pro
386 3391 502 3451 censu,
524 3373 580 3454 qui
601 3373 640 3437 de
662 3373 754 3436 bonis
775 3393 871 3456 supra
891 3374 1074 3438 memoratis
1095 3372 1228 3436 ecclesie
1250 3373 1351 3436 sancti
1364 3371 1452 3436 Petri
1471 3375 1504 3435 in
1523 3371 1616 3436 Sulre

308 3465 450 3542 solvitur,
471 3463 704 3546 assignavimus
725 3464 952 3527 confirmantes
972 3469 1044 3526 ante
1067 3463 1151 3526 dicta
1172 3463 1287 3542 omnia,
1310 3481 1406 3544 quem
1427 3463 1468 3525 ad
1484 3462 1616 3524 modum
1678 3479 1679 3510 1

308 3553 455 3636 superius
483 3557 531 3614 est
558 3571 754 3634 expressum.
804 3552 847 3615 Ut
874 3553 972 3634 igitur
999 3553 1058 3614 hcc
1089 3553 1197 3615 omnia
1225 3552 1386 3635 perpetuis
1419 3551 1617 3635 temporibus
1678 3517 1679 3600 l

308 3642 497 3706 inconvulsa
517 3647 731 3724 permaneant,
752 3648 932 3724 presentem
954 3642 1090 3705 litteram
1113 3641 1290 3724 sigillorum
1311 3647 1493 3705 nostrorum
1510 3641 1619 3704 muni·

309 3733 394 3796 mine
416 3732 569 3796 duximus
590 3731 810 3796 roborandam.
841 3736 923 3796 Acta
941 3738 1016 3796 sunt
1036 3733 1095 3795 hec
1117 3750 1200 3794 anno
1222 3731 1344 3794 domini
1363 3731 1618 3796 M⁰OE⁰LXX⁰IJ⁰.

308 3944 416 4026 rara.
444 3943 724 4026 retrusi-ra.
1523 3942 1619 4025 aaa.

388 4065 534 4132 Albrecbt
557 4066 733 4148 Landpraf
751 4086 811 4130 von
839 4063 1018 4146 Tbrisrinpea
1039 4065 1202 4144 bairandei,
1229 4067 1305 4130 dass
1326 4063 1491 4129 Hannone
1515 4063 1622 4128 Ritier

348 4177 407 4221 oon
437 4157 608 4236 Ebersbery
641 4157 677 4220 in
701 4156 803 4219 sciner
832 4157 1017 4235 chorwcrt
1049 4156 1114 4236 11l2
1136 4155 1225 4238 Hafa
1250 4157 1308 4219 mit
1333 4156 1431 4218 aaran
1457 4155 1545 4218 dam
1572 4175 1622 4236 pe·

347 4245 710 4402 fficpdpnwgleinboye
730 4247 764 4310 in
788 4244 923 4309 Darrrsla
943 4245 1012 4309 dein
1033 4244 1160 4310 Klostcr
1182 4243 1290 4326 Pf'ortc
1309 4243 1507 4309 tuusdrroeise
1530 4245 1622 4308 iiber-

459 4453 591 4512 nocua
609 4453 639 4507 D
657 4457 693 4507 29
710 4453 762 4521 (tit.
775 4453 941 4521 Gemstete).
971 4451 997 4505 T
1009 4455 1070 4509 225.

331 4582 334 4589 ²
360 4601 362 4606 -
457 4561 570 4615 Dmclt:
589 4559 724 4614 Deuttob:
750 4559 835 4627 Wolff
849 4557 891 4628 H,
910 4561 969 4614 179.
