3400 5148
299 393 348 451 152
680 387 908 446 Urlrundenbueh
927 385 975 442 des
994 387 1120 442 Klosters
1138 385 1241 441 Piorte.

298 544 411 628 1250.
437 543 533 626 Jull
560 543 602 624 4.
1514 531 1595 614 1211.

376 702 516 767 Dictricb
549 699 641 780 Gruf
666 719 724 762 'uon
762 697 869 762 Berua
901 697 1052 761 1101001101
1083 694 1132 758 uls
1161 693 1374 758 Vorsitrcnder
1410 691 1464 754 des
1494 690 1599 752 Lond-

334 793 482 873 pertentes
508 791 541 854 in
564 791 697 870 Mcspcl
725 789 776 851 die
807 787 939 852 dmclbst
965 807 1022 850 von
1043 786 1111 848 (1011(
1132 785 1244 864 Propsl
1264 783 1317 846 des
1339 779 1598 845 Norrnenlrlosters

335 905 376 948 zu
405 879 667 947 chblersroinlrel
693 879 860 960 oollroqenc
893 877 1061 957 Ueberyube
1090 875 1143 938 des
1162 872 1279 955 Dorfes
1303 871 1491 936 1001001101
1517 871 1598 934 aelst

338 979 360 1038 3
381 971 491 1054 Hufen
513 973 547 1034 in
569 969 824 1035 Samsotbaasen
844 987 887 1030 aa
909 967 968 1028 dus
988 965 1114 1030 Klostcr
1138 963 1249 1046 Pforte.

447 1119 580 1174 Hdscbm
598 1109 690 1174 Dddl'
707 1118 759 1184 (tit.
779 1114 932 1175 Lutental).
956 1114 1046 1170 TW.

446 1227 556 1282 Druck:
575 1225 708 1280 Dastacb:
732 1221 873 1290 WolffII,
892 1225 935 1276 56.

375 1359 587 1423 Theodericus
614 1357 664 1420 dei
692 1359 772 1417 nutu
801 1373 908 1416 comes
935 1353 974 1416 de
998 1353 1101 1417 Berka
1131 1351 1290 1415 universis
1309 1349 1423 1416 Christi
1449 1349 1597 1413 fidelibus

296 1451 327 1512 in
350 1456 549 1533 perpetuum.
583 1447 663 1510 Cum
691 1464 750 1508 nos
779 1445 847 1506 vice
875 1449 907 1507 et
933 1443 1081 1506 mandato
1103 1442 1232 1524 gloriosi
1253 1441 1374 1504 domini
1394 1441 1505 1520 nostri,
1525 1439 1597 1502 Mis

297 1541 404 1603 nensis
425 1545 457 1604 et
478 1534 648 1602 Orientalis
672 1534 876 1610 marchionis,
896 1534 1067 1615 Tlmringie
1088 1532 1257 1615 lantgravii
1276 1536 1307 1594 ot
1322 1530 1460 1594 Saxonis
1476 1531 1597 1592 comitis

295 1631 439 1712 palatini,
466 1629 701 1712 presideremus
726 1626 760 1688 in
781 1624 909 1705 Maspe¹
943 1623 1062 1686 iudicio
1094 1621 1296 1706 provinciali,
1335 1622 1421 1702 quod
1449 1620 1595 1682 landinch

297 1719 470 1802 vulgariter
495 1716 684 1801 appellatur,
710 1715 885 1778 secundnm
912 1725 1050 1776 morem²
1077 1719 1159 1776 terre
1180 1714 1317 1796 figurato
1337 1711 1455 1775 iudicio
1477 1714 1509 1773 et
1529 1729 1597 1773 scn-

295 1809 466 1872 tentialiter
486 1810 661 1871 instaurato
683 1804 876 1867 honorabilis
898 1805 955 1880 vir,
976 1803 1083 1866 Siboto
1112 1804 1290 1885 prepositus
1313 1798 1596 1864 sanctimonialium
1694 1881 1695 1884 Ἴ

243 1973 245 1978 ,
296 1900 328 1960 in
357 1896 658 1962 Weobterswinlrele
691 1895 812 1958 ordinis
841 1895 941 1956 sancti
968 1894 1148 1972 Benedicti,
1180 1890 1421 1975 Herbipulensis
1447 1889 1598 1970 dyocesis.

294 1989 431 2052 litteram
457 1987 615 2051 abbatisse
641 1992 673 2050 et
698 1986 800 2048 tocius
826 1987 1003 2048 conventus
1030 1985 1173 2047 eiusdem
1200 1982 1325 2046 cenobii
1352 1981 1444 2044 nobis
1471 2000 1598 2064 presen-

297 2080 374 2142 tavit
400 2080 540 2161 ipsarum
566 2075 678 2159 sigillis
705 2075 873 2139 autenticis
900 2076 1142 2153 communitam,
1169 2075 1203 2136 in
1233 2093 1297 2155 qua
1316 2073 1420 2136 eidem
1441 2073 1598 2156 preposito

296 2168 455 2232 abbatissa
470 2172 501 2232 et
519 2173 696 2230 conventus
710 2166 830 2249 pretate
850 2164 968 2228 dabant
985 2171 1017 2228 et
1032 2165 1138 2228 datam
1146 2163 1416 2246 recognoscebant
1426 2162 1597 2245 plenariam

295 2263 482 2341 potestatem
511 2255 656 2320 tradendi
684 2255 791 2318 villam
812 2254 960 2319 Lutental
989 2275 1061 2319 cum
1090 2274 1170 2338 pago
1195 2259 1227 2317 et
1251 2253 1399 2317 omnibus
1426 2252 1600 2315 attinentiis

294 2349 414 2432 ipsiusl'
436 2353 468 2410 et
489 2352 553 2411 tres
574 2365 700 2409 mansos
721 2347 798 2408 sitos
818 2346 853 2408 in
874 2345 949 2408 villa
971 2351 1002 2409 et
1022 2365 1102 2429 pago
1123 2344 1340 2408 Sassenhusen
1357 2362 1430 2406 cum
1452 2341 1600 2405 omnibus

295 2436 542 2520 pertinentibusc
564 2437 604 2498 ad
626 2436 711 2518 ipsos
731 2434 835 2498 abbati
859 2439 891 2498 et
908 2436 1080 2499 conventui
1095 2434 1276 2498 monasterii
1295 2433 1458 2498 Portensis
1473 2432 1600 2513 Cyster-
1695 2469 1696 2478 1

296 2527 412 2590 ciensis
433 2525 569 2602 ordinis,
599 2525 863 2606 Nucnburgensis
891 2525 1053 2605 dyocesis,
1079 2543 1151 2587 cum
1180 2524 1320 2588 dominio
1342 2529 1374 2586 et
1399 2522 1600 2605 possessione

295 2618 436 2699 ipsomm
464 2623 618 2699 perpetua
642 2615 792 2678 firmitate
819 2615 981 2678 tenendos.
1027 2615 1168 2696 Ideoque
1195 2615 1371 2679 secundum
1399 2615 1493 2676 ritum
1517 2619 1600 2675 terre

296 2706 525 2787 antiquissimis
550 2706 714 2768 retroactis
738 2705 932 2788 temporibus
959 2704 1167 2787 approbatum
1193 2708 1225 2768 et
1246 2703 1476 2768 sententialiter
1496 2703 1601 2767 decla·

295 2802 399 2858 ratum
430 2801 502 2858 ante
535 2794 639 2857 dietus
671 2795 849 2877 propositus
879 2794 1008 2856 nomine
1039 2793 1196 2858 abbatisse
1227 2801 1259 2858 et
1290 2795 1392 2856 tocius
1423 2800 1602 2857 conventus

294 2883 583 2948 sanctimonialium
608 2884 641 2946 in
664 2883 943 2947 Weebtersvvilrele
966 2885 1162 2966 prolatarum
1187 2883 1316 2947 tradidit
1342 2882 1447 2946 abbati
1472 2889 1602 2946 610011-
1696 2927 1697 2952 2

295 2975 404 3037 ventui
433 2973 617 3036 monasterii
639 2973 801 3036 Portensis
826 2973 977 3055 predictis
1004 2973 1069 3050 iuS,
1096 2973 1287 3050 dominium,
1317 2973 1542 3056 proprietatem
1571 2979 1603 3036 et
1696 2993 1697 3024 1

295 3065 526 3147 possessionem
555 3063 629 3126 ville
656 3062 805 3126 Lutental
831 3068 863 3125 et
888 3063 959 3145 pagi
986 3063 1087 3144 ipsius
1114 3081 1264 3126 necnon
1291 3063 1386 3126 trium
1415 3082 1604 3127 mansorum

295 3153 425 3216 sitorum
456 3153 488 3214 in
518 3171 599 3237 pago
622 3151 840 3216 Sassenhusen
867 3171 940 3214 cum
967 3151 1115 3214 omnibus
1141 3153 1341 3235 pertinentiis
1366 3153 1507 3235 ipsorum
1537 3161 1603 3216 tam

296 3242 368 3306 ville
392 3261 485 3323 quam
508 3262 705 3318 mansorum,
734 3241 928 3304 transferens
950 3247 981 3304 ot
1002 3242 1229 3306 transfundens
1250 3243 1283 3304 in
1304 3241 1451 3306 abbatem
1472 3247 1505 3306 et
1525 3263 1605 3306 eon-

295 3339 425 3396 ventum
455 3332 625 3413 premissos
657 3351 750 3394 omne
780 3332 844 3398 ius,
882 3331 967 3412 quod
1000 3330 1160 3394 abbatissa
1188 3337 1220 3394 et
1251 3331 1420 3412 collegium
1452 3334 1605 3416 superius

294 3427 465 3485 memorate
488 3421 520 3482 in
546 3420 621 3482 villa
643 3419 788 3484 Lutental
811 3425 842 3484 et
862 3440 942 3503 pago
963 3421 1063 3504 ipsius
1084 3442 1121 3484 ac
1142 3423 1175 3483 in
1198 3421 1299 3484 tribus
1313 3422 1432 3486 mansis
1450 3422 1606 3504 predictis

294 3510 471 3573 habuerant
496 3510 534 3573 ab
557 3512 702 3591 antiquo,
724 3509 812 3572 nullo
833 3511 918 3588 iure,
939 3529 1036 3574 causa
1058 3511 1109 3574 vel
1131 3512 1297 3574 occasione
1318 3511 1397 3574 iuris
1417 3511 1450 3573 in
1473 3510 1553 3574 villa
1573 3519 1607 3575 et

295 3600 412 3663 mansis
439 3600 601 3682 prelibatis
628 3619 701 3684 sepe
729 3599 821 3663 dictis
847 3599 1141 3663 sanctimonialibus
1164 3598 1401 3682 quomodolibet
1421 3602 1606 3664 reservatis.

294 3689 375 3752 Sane
403 3709 476 3752 oum
505 3690 679 3772 prescripta
706 3690 812 3754 omnia
838 3709 944 3752 coram
969 3688 1062 3752 nobis
1091 3690 1123 3751 in
1149 3689 1304 3773 solempni
1326 3689 1513 3773 provinciali
1535 3691 1608 3773 pla·

293 3781 354 3841 cito
384 3780 442 3841 ritc
471 3798 507 3840 ao
536 3779 768 3842 rationabiliter
794 3779 857 3842 sint
873 3784 1016 3861 peracta,
1044 3784 1080 3842 ut
1107 3781 1192 3842 omni
1222 3779 1332 3858 dubio,
1359 3779 1533 3842 oblivionis
1557 3782 1621 3858 in-‚

292 3868 425 3930 comodo
447 3873 479 3930 ot
500 3868 625 3931 sinistre
643 3869 910 3950 interpretationis
931 3868 1132 3932 cavillatione
1147 3870 1273 3952 penitus
1292 3869 1461 3952 amputatis
1476 3869 1609 3952 integra

292 3965 323 4018 ot
359 3964 511 4040 perpetua
541 3963 759 4040 perseverent,
796 3977 892 4040 super
923 3959 969 4021 cis
998 3963 1178 4041 presentem
1207 3959 1355 4041 paginam
1386 3959 1608 4041 conscriptam

292 4046 484 4127 appensione
505 4047 603 4109 nostri
627 4046 721 4128 sigilli
742 4048 894 4111 iussimus
916 4046 1066 4110 roborari.
1109 4050 1190 4111 Acta
1212 4054 1286 4111 sunt
1304 4049 1362 4111 bec
1376 4065 1459 4110 anno
1478 4047 1608 4112 domini

290 4144 465 4210 M⁰l¹t¹⁰L⁰,
494 4145 567 4198 11110
592 4154 694 4200 nonas
719 4137 795 4199 Iulii
820 4138 852 4199 in
880 4137 1039 4220 presentia
1066 4157 1190 4211 eorum,
1215 4157 1350 4218 quorum
1372 4137 1503 4200 nomina
1528 4146 1610 4202 sunt

291 4223 481 4306 subscripta:
518 4225 731 4288 Theodericus
766 4225 805 4289 (16
835 4225 997 4309 Vipcche‘l
1035 4227 1188 4290 scultetus
1218 4228 1387 4290 comitatus
1414 4226 1446 4287 in
1480 4225 1611 4311 Maspe,

291 4313 474 4376 Guntberus
495 4333 602 4376 comes
622 4313 662 4377 de
675 4313 887 4390 Keuirnberc,
908 4314 1061 4378 Albertus
1082 4336 1189 4380 comes
1211 4317 1250 4380 dc
1264 4315 1477 4392 Rauensvvalt,
1498 4314 1610 4381 Hein-

291 4403 375 4466 ricus
397 4421 504 4465 comes
525 4403 563 4466 dc
586 4403 788 4486 Sirarcburg,
811 4403 995 4466 Guntberus
1015 4424 1122 4468 comes
1143 4406 1182 4469 de
1199 4405 1436 4481 Blankenbero,
1457 4404 1611 4472 Theode-

291 4493 375 4554 ricus
386 4492 577 4575 burgravius
590 4493 628 4556 de
641 4492 840 4572 Kyrchburc,
859 4493 1013 4556 Albertus
1025 4513 1131 4558 comes
1143 4497 1182 4558 de
1194 4495 1408 4569 Olettenberc,
1426 4493 1613 4562 Heinrieus

290 4581 329 4644 de
361 4581 606 4666 Helderungen,
645 4581 858 4646 Theodericus
888 4582 927 4647 de
959 4583 1126 4666 Vipecuee,
1163 4584 1310 4650 Lutollus
1338 4589 1370 4650 et
1399 4584 1499 4648 frater
1534 4589 1611 4656 eius
