3442 5148
664 341 893 397 Urkundenbuch
914 343 962 396 des
983 342 1109 397 Kloaters
1128 342 1230 398 Picrte.

495 495 605 558 nataae,
633 494 808 560 lbdtheilnap
831 497 872 550 45.
910 493 1033 560 Stampf,
1060 495 1131 546 Aeta
1153 494 1244 563 anper.
1265 496 1323 546 196.
1365 491 1425 548 eod.
1448 489 1513 559 dipl.
1534 491 1596 545 Soa

490 591 541 642 rep.
554 575 578 640 1,
590 575 632 639 11,
642 577 702 630 217.
732 573 865 627 Dentscb:
892 573 976 641 Wolff
990 573 1016 639 Ι,
1036 577 1094 628 134.
1131 572 1317 641 Κοιδοὴιιίίεε
1336 572 1377 636 ΙΙ,
1396 573 1454 625 159.
1482 571 1597 625 Bdhmer

494 655 543 712 Nr,
557 657 634 707 2471.
662 672 683 708 a
701 654 876 708 Reitzenstein
895 658 963 706 54α.
991 653 1106 721 Stamps
1120 653 1171 710 ΝΥ.
1182 657 1257 706 3972.

372 761 420 824 C?
450 761 486 824 Iu
521 761 648 823 nomine
681 765 788 824 sancte
820 768 852 823 et
882 760 1047 823 individue
1080 761 1237 822 trinitatis.
1281 759 1459 822 thidericus
1491 760 1599 822 diviua

293 853 421 914 favente
448 850 617 915 clementia
644 849 861 912 Romanorum
893 851 1065 932 imperator
1098 855 1259 930 augustus.
1313 848 1401 912 Sicut
1433 850 1520 932 pium
1553 857 1599 914 est

294 941 489 1023 imperialem
524 940 777 1002 munificentiam
810 939 925 1002 Christi
959 938 1151 1022 pauperibus
1180 939 1219 1001 ad
1251 939 1406 1021 presentis
1435 939 1498 1002 vite
1525 938 1599 1002 sub-

295 1032 411 1094 sidium
438 1031 545 1111 aliqua
572 1030 654 1093 bona
678 1031 836 1104 conferre,
862 1031 906 1092 ita
931 1037 1060 1092 cantum
1087 1035 1136 1092 est
1155 1035 1283 1111 propter
1304 1028 1415 1091 muudi
1441 1028 1600 1092 maliciam

296 1121 534 1202 privilegiorum
560 1121 749 1184 testimoniis
775 1121 870 1183 otiam
902 1119 1015 1181 collata
1044 1119 1235 1181 confirmare
1264 1118 1358 1180 simul
1387 1123 1419 1182 et
1450 1118 1600 1180 stabilire.

300 1211 434 1272 Proinde
457 1217 566 1272 notum
587 1211 722 1272 facimus
745 1210 902 1272 universis
924 1209 1041 1272 Christi
1065 1208 1216 1271 fidelibus
1244 1214 1306 1270 tam
1334 1208 1429 1272 huius
1450 1209 1602 1290 temporis

296 1321 390 1381 (pram
412 1301 525 1378 laturi.
553 1301 637 1380 (prrod
660 1320 718 1361 nos
738 1300 895 1382 peticione
916 1299 1022 1361 fidelis
1043 1299 1142 1360 nostri
1165 1297 1289 1361 Ottoais
1312 1299 1502 1362 marchionis
1525 1298 1602 1362 Mis-

296 1391 403 1452 neusis
425 1389 572 1452 silvulam
593 1409 700 1464 unam,
722 1407 817 1469 quam
839 1388 906 1470 ipse
928 1407 947 1448 a
969 1387 1060 1450 nobis
1080 1387 1196 1450 feodali
1211 1389 1446 1464 inretenuerat,
1467 1388 1602 1452 ecclesie

295 1479 439 1542 Porteusi
463 1478 601 1542 cambire
623 1479 840 1541 concessimus
861 1483 893 1540 et
913 1478 972 1559 ipsi
993 1478 1107 1540 trabes
1124 1497 1251 1539 pransos
1263 1477 1387 1540 duosin
1404 1477 1601 1561 Zcorluppe¹

295 1569 371 1630 sitos
392 1574 423 1629 et
445 1569 555 1630 docem
577 1567 695 1630 solidos
706 1567 876 1631 reddentes
887 1567 1019 1649 imperio
1031 1567 1246 1642 restituerunt,
1269 1586 1349 1646 quos
1363 1567 1448 1629 idem
1461 1567 1603 1629 marchio

296 1677 352 1738 pro
382 1659 668 1740 1·eronpensaeioue
695 1658 774 1719 silve
806 1657 844 1720 de
871 1676 967 1718 manu
989 1663 1098 1721 nostra
1119 1657 1266 1738 suscepit.
1309 1656 1429 1719 Eadem
1451 1675 1527 1720 vero
1552 1657 1605 1718 sil-

298 1746 370 1808 vula
397 1749 456 1808 sita
485 1752 533 1808 est
559 1748 651 1809 iuxta
675 1747 890 1828 Hechendorp
919 1745 957 1807 ad
987 1745 1185 1808 occidentem
1211 1747 1241 1806 in
1267 1751 1386 1816 niente,
1407 1747 1606 1828 incipieusa

296 1835 375 1896 silva
403 1837 536 1898 fratrum
564 1841 595 1898 et
621 1836 797 1898 ascendens
820 1837 911 1898 inubi
937 1835 1081 1897 semitam
1108 1854 1210 1914 usque
1232 1835 1272 1897 ad
1294 1835 1439 1898 cuniulos
1460 1841 1493 1898 et
1512 1838 1606 1897 iuxta

296 1925 442 1987 citandos
473 1945 600 1987 sursum
635 1931 665 1988 et
697 1926 731 1986 in
763 1926 898 1987 circuitu
932 1924 1060 1986 vallium
1094 1943 1195 2004 nsque
1228 1925 1265 1986 ad
1299 1925 1445 2007 predium
1477 1925 1606 1988 comitis
1699 1999 1700 2008 ἵ

297 2013 418 2075 sirianis
448 2015 486 2075 ad
516 2015 713 2077 occidentem
742 2020 773 2078 et
799 2015 1060 2096 septentrionem,
1089 2014 1126 2075 ad
1157 2015 1311 2077 orientem
1338 2033 1412 2078 vero
1437 2015 1605 2096 usquead
1699 2047 1700 2070 r

297 2123 442 2184 calupnm
467 2104 687 2187 Hecheudorp.
730 2103 829 2180 (liram
854 2104 966 2166 silvam
987 2103 1143 2185 imperiali
1167 2105 1353 2167 auctoritate
1375 2105 1607 2168 confirmamus

297 2198 391 2273 atque
414 2193 592 2257 stabilimus
614 2195 717 2258 eidem
740 2194 873 2258 ecclesie
895 2213 967 2256 eum
991 2195 1077 2256 ouini
1093 2195 1161 2256 iure
1178 2199 1209 2256 et
1226 2195 1434 2275 pertinentiis,
1456 2193 1609 2258 videlieet

298 2285 436 2364 pascuis.
464 2284 608 2364 aucupiis
634 2291 666 2346 et
690 2284 933 2359 venaciouibus,
960 2284 1100 2346 exitibus
1122 2291 1154 2345 et
1174 2283 1342 2360 reditibus,
1369 2285 1428 2346 riis
1447 2291 1479 2347 et
1499 2285 1608 2355 inviis,

297 2371 391 2433 cultis
413 2381 444 2434 et
465 2373 594 2436 incultis
615 2381 647 2436 et
668 2374 752 2435 omni
777 2374 920 2444 utilitate,
943 2392 1005 2454 que
1027 2373 1102 2436 inde
1124 2374 1292 2455 provenire
1310 2378 1420 2455 potest.
1454 2374 1609 2456 Utigitur

297 2481 348 2522 res
377 2462 435 2522 ista
465 2468 531 2523 rata
557 2463 597 2524 sit
625 2468 656 2525 et
681 2463 869 2524 inconvulsa
897 2469 1094 2545 permaneat,
1125 2461 1206 2523 hane
1233 2469 1351 2524 cartam
1373 2463 1509 2526 fecimus
1530 2485 1608 2528 cori-

298 2550 392 2612 scribi
432 2561 463 2613 et
499 2551 594 2632 sigilli
627 2554 725 2614 nostri
758 2554 954 2635 inpressione
988 2553 1121 2629 muniri,
1153 2553 1210 2612 hoc
1243 2552 1398 2634 imperiali
1430 2559 1609 2618 statuentes

298 2643 484 2704 auctoritate
515 2647 547 2703 et
577 2642 771 2704 inmobiliter
803 2643 904 2705 teneri
936 2641 1094 2714 volentes,
1120 2649 1167 2714 ut,
1193 2641 1218 2703 si
1252 2661 1314 2722 qua
1341 2661 1487 2723 persona,
1517 2646 1606 2724 quod

298 2729 393 2806 absit,
424 2731 504 2792 hauc
526 2733 711 2794 caucionem
740 2732 877 2796 evellere
904 2733 970 2794 sive
993 2751 1116 2794 cassare
1139 2733 1354 2814 temptaverit,
1376 2731 1485 2794 decem
1506 2733 1608 2796 libras

299 2821 367 2881 auri
394 2821 555 2902 purissimi
582 2821 752 2903 persolvat,
779 2822 1007 2884 dimidietatem
1037 2840 1161 2884 cautere
1191 2827 1296 2884 nostre
1319 2827 1350 2884 et
1376 2821 1609 2887 dimidietatem

300 2909 440 2990 predicto
465 2910 607 2972 cenobio.
650 2911 756 2974 Huius
785 2919 890 2974 autem
921 2912 964 2973 rei
993 2917 1088 2974 testes
1114 2917 1189 2973 sunt
1214 2911 1420 2975 Hermanuus
1450 2911 1611 2976 Constan-
1707 2943 1708 2946 ¹

299 2998 409 3060 tiensis
420 3001 597 3082 episcopus.
619 2999 788 3064 Ouaradus
802 3000 1014 3082 Augustorisis
1026 3001 1201 3083 episcopus,
1215 3000 1421 3063 Hermannus
1436 3000 1612 3066 Fardeusis

299 3089 475 3170 episeopus,
498 3089 671 3153 Heinrieus
693 3091 760 3154 dux
782 3092 926 3155 Bauer-ie
948 3097 979 3152 et
1001 3089 1153 3156 Saxonie.
1175 3090 1241 3152 dux
1264 3090 1384 3167 welfo,
1405 3089 1501 3172 Hugo
1522 3092 1611 3174 pala-

301 3177 385 3238 tinus
407 3197 514 3239 eomes
535 3178 574 3240 de
596 3180 748 3262 Tuiugen,
771 3201 877 3244 conies
899 3180 1028 3242 Vlricns
1050 3179 1088 3242 de
1111 3179 1341 3242 Ireuhebnrehb
1363 3180 1467 3242 etalii
1489 3180 1612 3262 plures.

300 3265 431 3346 Signum
460 3268 569 3330 donini
595 3269 746 3332 llrideriei
779 3271 995 3333 Romanorum
1031 3270 1229 3351 imperatoris
1263 3270 1490 3332 invictissimis
1539 3271 1611 3354 Ego

301 3354 465 3418 Cristanus
489 3359 698 3421 cancellarius
719 3361 788 3423 uice
811 3360 951 3422 Orinradi
973 3359 1152 3442 lloguutiui
1175 3358 1265 3421 electi
1289 3363 1320 3421 et
1337 3358 1613 3424 archicancellarii

303 3447 480 3528 recognovi.
524 3449 605 3511 Arata
635 3455 709 3512 snut
736 3451 794 3512 hec
828 3451 985 3512 dominice
1012 3449 1245 3511 incarnacionis
1270 3449 1372 3510 arumd
1394 3457 1613 3530 n⁰o⁰ana

302 3535 474 3599 indictione
511 3547 581 3616 XF,
619 3547 772 3622 regnante
810 3541 926 3602 domuc
966 3539 1126 3602 Friderieo
1162 3539 1377 3601 Romanorum
1416 3539 1611 3622 imperatore

301 3625 542 3706 gloriosissime,
574 3648 657 3691 anuo
688 3631 776 3711 regui
800 3631 869 3694 eius
894 3629 966 3707 X⁰‚‘²
992 3630 1116 3711 imperii
1146 3648 1220 3691 vero
1247 3638 1339 3691 Vlll0.
1382 3625 1499 3692 Datum
1525 3629 1613 3693 Cou-

302 3717 416 3778 stantie
439 3719 491 3777 V²⁰
512 3717 664 3782 kalendas
685 3718 880 3783 Decembris.

372 3831 482 3886 aFeaa
500 3833 531 3884 in
551 3833 577 3886 T
619 3824 632 3860 b
649 3834 686 3887 In
705 3835 751 3888 der
775 3835 909 3903 Uracbrift
927 3834 1099 3888 caherethlieh
1118 3831 1297 3886 Lenzebnrch
1333 3831 1418 3886 Beide
1438 3833 1614 3889 Abscbreibcr

302 3911 419 3965 liabent
438 3913 480 3965 ula
498 3912 516 3964 h
533 3913 640 3980 peleaea.
694 3915 703 3941 ⁰
724 3914 880 3986 Signum—
891 3913 1067 3968 invictissimi
1085 3915 1115 3965 ia
1133 3913 1309 3980 aarliiaperter
1324 3912 1426 3981 Sebrifl
1444 3912 1502 3965 aad
1512 3913 1612 3969 Mono-

300 4008 405 4060 pramm
428 3991 453 4043 T
502 3983 608 4046 “anno
625 3992 762 4048 dominice
780 3995 979 4049 iucarnationis
1000 3994 1025 4046 T

377 4095 386 4134 ¹
412 4096 545 4150 Vielleieht
564 4097 693 4152 identisch
712 4099 847 4153 roilvilla
868 4099 983 4167 Scorlup
1002 4098 1029 4150 in
1050 4098 1190 4150 Burewart
1209 4097 1304 4150 Zcolin
1322 4097 1353 4148 in
1377 4097 1504 4150 urenae
1525 4099 1613 4152 Heirr-

303 4178 384 4312 piegrta‘
394 4177 415 4228 I
419 4177 495 4311 lgna.
511 4178 535 4230 J.
559 4179 626 4231 1097
654 4180 807 4247 (Lacleaa'p,
839 4181 893 4232 ael.
913 4195 960 4232 aas.
983 4177 1118 4240 II,179).
1155 4177 1233 4243 Dorf
1249 4176 1395 4243 Seborpnla
1418 4181 1439 4229 o'.
1459 4176 1615 4233 &titulant

304 4262 341 4311 ⁶·
387 4264 408 4312 il
475 4301 481 4312 .
