3400 5148
306 397 358 472 tte
684 397 911 455 Urlrundenbueh
929 397 977 454 des
995 397 1120 454 Klosterr
1138 395 1242 455 Plorte.

301 554 347 616 rei
380 557 476 617 testes
508 557 582 618 sunt
614 553 766 616 Albertus
801 556 910 614 noster
947 551 1155 628 camerarius,
1194 548 1344 631 magister
1380 545 1598 619 Erkenbertus

302 644 452 724 magister
475 643 582 706 Horbo
610 649 720 706 noster
740 642 897 718 notarius,
918 640 1124 703 Hermannus
1145 639 1312 722 prefectus,
1333 635 1547 699 Theodericus
1566 633 1598 695 de

301 731 418 810 Herde,
440 733 591 796 tilbertus
613 732 807 795 camerarius
828 731 962 794 ecclesie
970 729 1142 808 Portensis,
1164 725 1394 810 Degenhardus
1415 722 1599 790 cellerarius

300 821 707 885 HermannusdeSalveltb
730 820 877 902 subprior
899 820 1054 896 monachi,
1076 819 1174 881 frater
1189 816 1341 880 Albertus
1363 815 1402 878 de
1413 812 1598 894 Meldingen,

301 910 400 974 freter
432 911 637 974 Gotheiridus
673 911 823 992 magister
856 909 1030 992 hospitum,
1066 908 1164 970 frater
1192 905 1360 969 Cunradns
1391 903 1542 985 magister
1571 903 1599 964 in

302 999 492 1062 liertindori
519 1001 665 1063 conversi
693 999 864 1062 Fortenses
895 1003 927 1061 et
958 997 1011 1060 alii
1035 1017 1131 1080 quam
1156 995 1273 1079 plures.
1315 993 1432 1057 Datum
1454 993 1486 1055 in
1512 991 1601 1056 Porto

302 1107 385 1152 auno
408 1089 527 1152 domini
547 1089 746 1168 M⁰CC⁰L⁰I⁰,
766 1089 839 1151 idus
860 1087 953 1152 lunii.

373 1205 469 1260 ¹²sitae
486 1205 545 1259 ΒΤ
594 1196 731 1272 bsaluelt
749 1204 777 1260 D
813 1202 940 1258 Salewelt
961 1203 986 1256 T

305 1487 415 1573 iana
442 1485 685 1570 november
711 1492 745 1570 1.
772 1487 934 1569 rura.
1277 1521 1281 1530 ·
1381 1435 1385 1442 ’
1520 1487 1601 1568 cr.

386 1623 449 1687 Abi
470 1625 596 1688 Werner
616 1645 674 1686 vora
691 1621 839 1705 Hersfeld
861 1623 980 1686 criticilt
1000 1625 1067 1687 dem
1086 1622 1208 1688 Kloster
1220 1625 1326 1704 Pforte
1348 1623 1399 1686 dic
1418 1622 1603 1686 Ενίαιιὺηὲεε

345 1713 445 1776 (litter
476 1711 577 1777 seina·
609 1713 728 1777 Kirclm
761 1713 792 1774 in
824 1713 1094 1795 Metaricirsdorfl
1122 1733 1163 1778 aa
1193 1713 1313 1794 kariton
1341 1717 1434 1776 ariter
1464 1713 1520 1776 der
1545 1712 1602 1776 Be-

342 1803 493 1958 tpprppitpppe,
515 1804 591 1868 dass
611 1823 642 1870 es
663 1803 815 1866 derselten
838 1824 895 1867 von
910 1805 1000 1887 jeder
1020 1803 1110 1885 Hafe
1123 1803 1262 1886 jatrum
1288 1803 1339 1866 cin
1360 1803 1471 1885 &aad
1495 1801 1602 1868 Waclrs

452 2031 588 2088 Hdoclrrs:
607 2033 637 2087 D
654 2024 709 2086 16¹l
727 2034 778 2101 (rit.
792 2033 927 2102 Osforde).
973 1993 978 2005 Ι

454 2138 563 2193 Dratck:
581 2138 716 2194 Deutcch:
740 2139 826 2208 Wolff
834 2139 878 2209 II,
891 2144 933 2194 61.
957 2139 1014 2210 Vqt.
1029 2139 1144 2194 Pertaclt
1156 2140 1181 2207 I,
1194 2143 1253 2198 110.
1272 2139 1602 2207 Ber‘tuclrSchamelLTO.

382 2265 450 2331 Nos
477 2267 675 2332 Wernherus
706 2267 758 2332 dei
789 2269 891 2351 gratia
918 2267 1016 2331 abbas
1047 2269 1230 2332 monasterii
1256 2267 1493 2333 Hersieldensis
1518 2287 1604 2333 reco-

303 2357 500 2438 gnoscimus
520 2363 733 2442 protestamur
753 2378 790 2422 ao
810 2358 1011 2442 presentibus
1028 2356 1141 2422 litteris
1162 2357 1202 2421 ad
1224 2359 1447 2422 universorum
1457 2359 1604 2422 noticiam

303 2446 450 2528 cupimus
472 2449 647 2530 pervenire,
669 2447 755 2528 quod
775 2447 963 2510 dilectorum
984 2449 1017 2510 in
1031 2447 1154 2511 Christo
1171 2447 1315 2512 Heinrici
1334 2448 1458 2512 abbatis
1479 2452 1511 2512 et
1531 2469 1604 2512 con·

303 2541 418 2598 ventus
439 2537 471 2598 in
488 2535 585 2600 Porta
606 2537 726 2600 ordinis
737 2535 974 2618 Cysterciensis,
996 2538 1260 2619 Nuenburgensis
1282 2539 1437 2618 dyocesis,
1459 2538 1604 2622 precibus

303 2625 446 2689 inclinati
468 2627 588 2690 eisdem
610 2627 742 2690 liberam
763 2627 910 2690 dedimus
931 2627 1113 2690 facultatem
1136 2626 1264 2690 emendi
1279 2633 1311 2690 et
1321 2627 1524 2710 comparandi
1546 2627 1605 2690 sibi

304 2719 336 2778 et
362 2715 495 2778 ecclesie
524 2735 580 2779 sue
609 2715 692 2778 bona
714 2717 747 2778 in
769 2716 1002 2794 Meinrisdorf,1
1030 2717 1056 2778 si
1079 2736 1142 2797 qua
1163 2717 1202 2778 ad
1224 2716 1391 2780 ecclesiam
1414 2722 1604 2778 nostramet

304 2804 481 2867 dominium
502 2811 647 2869 nostrum
670 2809 821 2889 spectant,
842 2807 1085 2870 transferentes⁸
1105 2807 1139 2868 in
1158 2807 1245 2888 ipsos
1265 2812 1297 2869 et
1317 2825 1428 2870 eorum
1439 2806 1603 2870 ecclesiam

203 2935 205 2938 -
303 2895 511 2975 possessionis
539 2900 571 2957 et
596 2894 796 2978 proprietatis
823 2899 930 2958 nostre
960 2893 1098 2974 tytulum
1118 2894 1246 2979 litteras·
1260 2915 1317 2978 per
1338 2900 1511 2978 presentes
1531 2914 1604 2957 con·

303 2981 479 3046 siderantes
505 2983 689 3066 diligentius
709 2984 776 3047 tore
797 2983 921 3062 utilius
942 2989 979 3047 ut
1003 2983 1098 3046 huius
1123 2983 1209 3046 modi
1231 2985 1447 3068 possessiones
1469 2985 1508 3047 ad
1530 3003 1604 3046 usus

304 3071 525 3153 religiosorum
546 3078 717 3149 transeant,
739 3092 834 3153 quam
857 3073 943 3153 quod
964 3071 1146 3135 deserviant
1163 3072 1282 3136 illicitis
1301 3073 1413 3136 usibus
1432 3074 1603 3155 laycorum,

302 3159 347 3222 ita
369 3167 489 3240 tamen,
519 3169 554 3224 ut
580 3164 613 3224 in
636 3165 762 3244 signum
790 3163 1020 3244 recognicionis
1041 3161 1240 3244 proprietatis
1262 3163 1419 3226 dictorrun
1441 3163 1604 3238 bonorum,

305 3269 399 3331 quam
427 3253 620 3314 contulimus
644 3253 747 3316 eidem
777 3251 909 3315 ecclesie
938 3253 970 3314 in
993 3251 1101 3329 Porta,
1134 3253 1172 3315 de
1195 3252 1337 3332 quolibet
1358 3273 1483 3332 manso,
1511 3273 1602 3334 quem

304 3343 572 3422 comparaverint,
601 3341 753 3406 talentum
783 3361 855 3405 cere
881 3340 1014 3424 singulis
1044 3343 1135 3403 annis
1162 3342 1193 3402 in
1219 3343 1300 3405 testo
1321 3344 1497 3406 nativitatis
1516 3342 1602 3406 beate

304 3430 436 3511 ‘virginis
458 3432 609 3512 magister
627 3432 714 3493 curie
735 3431 769 3493 in
791 3430 925 3494 Osforde
952 3430 1111 3513 persolvat
1137 3429 1271 3494 ecclesie
1297 3431 1526 3495 Hersfeldensi.
1564 3431 1602 3494 ln

304 3519 396 3582 cuius
416 3521 463 3582 rei
485 3521 702 3584 testimonium
725 3526 886 3604 presentes
906 3519 1027 3583 litteras
1043 3520 1138 3602 sigilli
1150 3519 1251 3583 nostri
1267 3521 1443 3584 munimine
1455 3521 1603 3585 duximus

304 3606 506 3672 roborandas.
537 3609 645 3674 Testes
667 3611 761 3672 huius
783 3615 858 3672 sunt
875 3609 1027 3672 Albertus
1047 3610 1226 3692 prepositus
1243 3608 1465 3692 Gellingensis,
1487 3608 1601 3690 Symon

304 3701 413 3760 noster
439 3698 636 3782 capellanus,
669 3698 752 3761 Erbo
781 3704 888 3762 noster
912 3699 1092 3777 notharius,
1122 3699 1294 3762 Heinricus
1320 3699 1359 3762 de
1385 3699 1604 3763 Volkeriohes-

304 3786 419 3864 husen,
447 3786 659 3852 Theodericus
686 3789 724 3852 de
745 3789 867 3867 Herde,
895 3787 936 3850 M.
961 3790 1059 3870 prior,
1085 3787 1122 3852 D.
1145 3789 1351 3866 camerarius,
1377 3787 1416 3852 Η.
1440 3789 1479 3852 de
1501 3787 1603 3857 Brein,

305 3875 340 3938 G.
364 3877 515 3959 magister
536 3879 693 3961 hospitum
716 3884 747 3942 et
768 3879 821 3941 alii
842 3898 936 3959 quam
958 3877 1066 3961 plures
1087 3877 1234 3940 monachi
1249 3882 1280 3940 et
1295 3877 1441 3940 conversi
1452 3877 1491 3940 de
1504 3875 1603 3940 Porta.

307 3963 423 4027 Datum
447 3966 479 4028 in
502 3967 598 4030 Porta
618 3986 701 4030 anno
723 3968 843 4031 domini
863 3977 1066 4046 M⁰uu⁰1n1⁰,
1088 3967 1294 4030 kalendarum
1315 3965 1569 4030 Novembriumr.

374 4103 581 4159 atrasferentes
617 4095 701 4159 blrul.
715 4104 907 4160 nouembrium
937 4105 978 4158 Ea
995 4105 1104 4171 artant,
1123 4104 1187 4158 dass
1206 4103 1251 4157 die
1268 4121 1302 4157 ra
1318 4107 1449 4173 erycinam
1467 4105 1509 4158 ist.
1537 4099 1602 4157 oder

304 4183 377 4236 solite
394 4190 475 4238 etwas
494 4185 541 4238 rote
559 4184 647 4254 pridie
664 4185 830 4252 auspefatlaa
846 4183 924 4238 aaa?

379 4285 389 4326 ¹
413 4289 547 4358 Wrtstunp
564 4291 604 4343 bei
618 4290 772 4356 Menrlcben,
790 4289 856 4342 doch
873 4290 930 4355 nus
942 4288 989 4342 der
1005 4289 1110 4343 andern
1121 4289 1192 4344 Seite
1210 4288 1258 4346 der
1271 4289 1391 4344 oman.
1417 4288 1472 4358 Vqr.
1489 4287 1601 4342 unuaoe

304 4366 335 4418 in
354 4367 455 4422 Ztrchr.
474 4368 499 4424 d.
519 4369 696 4424 Haratcreina
714 4369 769 4436 XI,
789 4370 941 4436 173.181f.
