3392 5150
329 379 382 435 992
707 378 935 436 Urkuudenbuch
952 379 1001 436 dee
1019 380 1144 438 chsters
1162 381 1265 438 Piorte

328 532 443 616 1299.
469 531 588 612 Mdrn
614 530 676 612 22.
1538 535 1607 618 399.

414 666 480 731 Otto
500 665 621 730 Pleban
636 666 672 729 in
692 665 974 746 Wemr'nyslransen
992 669 1166 733 vertaosclrt
1180 671 1232 733 die
1246 669 1302 734 der
1312 670 1432 734 Kirche
1447 671 1483 734 in
1494 669 1609 734 Herod

371 757 455 822 leben
482 755 661 836 delirium,
701 756 737 819 io
768 756 1000 822 versdriedenen
1030 759 1167 822 Feldern
1197 760 1296 824 dieses
1326 758 1442 843 Derfes
1455 761 1610 848 ,opdeqenm

368 835 471 911 sicko
509 866 604 926 pecco
647 846 715 910 eine
748 845 862 926 yleiclrc
901 847 1027 911 norant
1066 848 1402 931 rosammenlieyender
1436 849 1539 913 Aere
1573 849 1611 912 re

367 936 506 1000 Klnsiers
529 933 635 1018 Pforte
655 935 690 998 in
711 935 879 1030 dernselben
899 938 1008 1020 Dcrfe.

477 1063 608 1117 Hdeclrr.:
625 1062 655 1116 D
674 1055 728 1119 79ὴ
744 1065 796 1131 (re.
807 1063 918 1132 venre).

476 1168 586 1223 Dmclr:
604 1167 739 1224 Deterret:
764 1167 850 1236 Wolff
863 1167 905 1236 ΙΙ,
923 1172 985 1224 263.

407 1283 473 1346 Nos
501 1283 574 1346 Otto
599 1283 755 1367 plebanus
786 1283 817 1345 in
853 1283 1081 1367 Weringislrnll
1107 1291 1218 1349 tenore
1247 1287 1449 1368 presencium
1478 1304 1610 1368 recogno-

327 1375 445 1438 scimus
478 1373 668 1452 litterernm‚
703 1373 788 1454 qnod
816 1372 900 1436 bone
930 1374 1093 1437 voluntate
1128 1381 1160 1438 et
1195 1395 1354 1440 censensu
1385 1375 1613 1458 parrochialinm

325 1471 506 1528 nostrorum
531 1464 667 1526 fecimus
692 1463 914 1526 concambium
936 1483 1010 1526 cum
1035 1465 1119 1546 agris
1141 1464 1181 1528 od
1204 1465 1371 1528 ecelesiam
1392 1463 1613 1528 Henczisleibin

325 1551 548 1635 spectantibus,
569 1553 603 1614 in
625 1551 768 1634 quolibet
788 1571 899 1635 campo
921 1553 1063 1616 eiusdem
1079 1553 1296 1630 villesitnatis,
1318 1555 1362 1617 itu
1378 1554 1464 1635 quod
1483 1555 1615 1636 magister

323 1643 410 1704 curie
445 1642 543 1704 frater
578 1641 750 1704 Heinricns
784 1648 816 1704 et
850 1643 1001 1724 magister
1035 1649 1212 1706 aratrorum
1248 1644 1346 1706 freter
1377 1643 1549 1707 Heinriens
1582 1641 1612 1702 de

324 1731 497 1812 Crntlreym
531 1731 756 1814 disposuerunt
784 1730 843 1792 sibi
875 1737 907 1794 et
928 1751 985 1794 sno
1007 1733 1180 1795 conventui
1201 1733 1233 1794 in
1256 1732 1351 1795 Perta
1373 1733 1518 1814 singulos
1538 1751 1616 1814 agros

323 1821 405 1884 dctis
430 1827 557 1883 ‘nostre‘
582 1821 731 1901 colligere
759 1827 790 1882 et
816 1821 908 1883 nobis
937 1821 1065 1884 insimul
1090 1827 1122 1884 et
1147 1822 1178 1882 111
1201 1841 1266 1884 unc
1288 1821 1358 1884 loco
1379 1827 1425 1884 tct
1447 1831 1480 1885 et
1500 1822 1615 1885 totidem

322 1931 415 1992 agros
441 1910 574 1974 reddere
602 1912 823 1993 promiserunt.
864 1909 971 1982 Huius
997 1911 1173 1974 concambii
1196 1917 1292 1974 testes
1313 1919 1388 1984 sunt
1409 1913 1510 1975 frater
1529 1911 1617 1974 Hein-

322 2001 407 2063 ricns
429 2001 468 2064 de
488 2000 710 2081 'lirseleybinffi
732 2001 786 2080 qui
809 2019 894 2062 nnnc
913 2006 1019 2082 preest
1039 2001 1127 2062 curie
1149 2001 1180 2062 in
1205 1999 1319 2080 Velnc,
1338 2002 1437 2064 freter
1458 2001 1617 2064 Heinrion

322 2089 361 2152 de
383 2090 567 2171 Crutlreym
588 2089 761 2152 Heinricus
784 2089 1009 2172 riceplebanus
1031 2091 1064 2151 in
1087 2089 1343 2166 Eorundeleibin,
1362 2091 1516 2154 Albertus
1537 2089 1617 2152 miles

321 2177 439 2241 ibidem
471 2187 503 2242 et
533 2180 586 2241 alii
619 2198 713 2260 qutun
742 2179 850 2262 plnres
877 2179 942 2241 lide
970 2179 1066 2260 digni.
1096 2182 1189 2242 neta
1217 2185 1292 2242 sunt
1316 2179 1373 2242 hec
1400 2199 1485 2242 anno
1506 2179 1615 2242 domini

320 2277 491 2348 neonem,
512 2271 545 2331 in
566 2269 727 2332 dominica
748 2268 850 2331 Oculi.

390 2384 507 2437 ‘uestri
563 2377 574 2412 ²³
606 2384 740 2438 Vinto'cnr
765 2385 941 2438 terserit-coen
966 2386 1015 2452 [ἄν
1041 2383 1206 2453 Tuteleybin
1234 2385 1387 2453 (Terdlcben
1412 2391 1456 2440 mi.
1480 2384 1619 2448 Bmuredr)

320 2461 382 2517 oder
400 2463 562 2531 Boeelepbin
580 2463 737 2530 (Briesleben
755 2468 778 2520 d.
798 2462 932 2531 Erfurdt?

325 2733 435 2814 1299.
463 2731 580 2812 Mum
607 2731 670 2812 211.
1538 2730 1620 2813 937.

402 2865 464 2930 Die
485 2865 615 2930 Briider
637 2863 803 2929 Friedrich
823 2868 893 2929 ond
913 2865 1044 2929 Bertcld
1067 2866 1192 2949 Grcfen
1211 2887 1270 2930 oon
1288 2867 1497 2932 Rarmswaor
1517 2869 1623 2946 ciem

360 2959 429 3019 dem
458 2956 586 3020 chster
612 2954 718 3037 Psote
743 2958 811 3018 eine
843 2955 941 3021 Wiese
966 2957 1012 3020 bei
1040 2955 1243 3039 Heelrendcrf
1257 2977 1311 3038 zo,
1340 2957 1391 3020 die
1410 2957 1551 3020 dasselbe
1570 2957 1625 3036 [dr

365 3049 428 3126 5¹t2
452 3045 552 3108 Morio
573 3065 632 3108 von
654 3045 722 3107 dem
743 3044 846 3108 Ritter
865 3044 1007 3108 Herbcrd
1028 3065 1088 3108 von
1111 3043 1292 3126 Pfiffellrard
1311 3047 1526 3128 palentinae.

473 3179 607 3234 fidendo:
630 3179 729 3234 Teet.
756 3179 786 3232 D
805 3183 838 3234 77
856 3181 911 3247 (tir.
923 3179 1126 3249 Heehindoril).

469 3285 596 3339 Dnrclre:
616 3285 725 3351 Bellero,
747 3284 923 3354 Todtlreiluoy
942 3291 981 3340 52.
1018 3285 1154 3340 Dentrcla:
1181 3286 1263 3354 Wolff
1277 3286 1320 3352 11,
1337 3291 1400 3344 262.

402 3407 438 3470 In
460 3410 589 3471 nornine
611 3409 740 3472 domini.
768 3409 881 3472 Amen.
920 3409 987 3472 Nos
1007 3409 1188 3472 Fridericns
1208 3415 1240 3472 et
1260 3409 1431 3473 Bertoldns
1453 3409 1505 3474 dei
1526 3409 1631 3493 gratis

321 3500 453 3562 comites
489 3499 528 3561 de
556 3497 752 3561 Rabinsnrdt
786 3500 1045 3581 recognoscimus
1082 3505 1113 3562 et
1146 3498 1294 3562 omnibus
1326 3499 1443 3562 Christi
1475 3501 1631 3563 fidelibus

321 3590 403 3651 hene
427 3588 561 3651 litterum
581 3589 613 3650 in
637 3595 824 3671 perpetuum
846 3589 1037 3671 inspecturis
1054 3589 1201 3672 cupimus
1215 3608 1284 3651 esse
1301 3595 1421 3668 notum,
1445 3589 1531 3671 quod
1546 3589 1632 3652 bons

322 3677 485 3741 voluntate
513 3685 545 3740 ct
572 3697 651 3760 pure
677 3683 805 3760 propter
830 3677 943 3740 deuma
965 3677 1102 3759 ecclesie
1123 3677 1220 3760 Ponte
1242 3678 1281 3740 ob
1303 3679 1457 3741 honorem
1482 3680 1582 3761 beate
1602 3685 1633 3740 et

321 3767 460 3850 gloriose
485 3785 673 3849 semperque
699 3767 833 3848 uirginis
859 3766 961 3848 lilerie
989 3767 1168 3848 qrroddnmb
1193 3773 1317 3850 pratum
1339 3769 1435 3830 sitnm
1457 3769 1544 3831 inter
1567 3769 1632 3830 dno

320 3865 423 3941 prate,
446 3857 594 3920 videlicet
615 3857 730 3920 nobilis
752 3859 826 3936 viri,
852 3858 976 3920 comitis
998 3858 1140 3921 Bertcldi
1162 3857 1201 3919 de
1222 3855 1431 3932 Raornswnt,
1458 3865 1491 3921 et
1510 3857 1636 3922 Wern-

322 3948 407 4010 111111ο
433 3945 542 4009 militis
568 3947 607 4010 de
636 3945 842 4030 Schidingen,
869 3948 1025 4010 donemus
1046 3955 1078 4010 et
1097 3947 1291 4009 conferimus
1312 3947 1512 4030 proprietatis
1537 3947 1636 4010 titulo

322 4039 353 4100 111
376 4044 564 4121 perpetuum
585 4038 821 4120 possidendum.
865 4036 955 4113 Quod
977 4037 1099 4100 scilicet
1119 4043 1244 4120 pratum
1265 4035 1446 4100 Herbcrtns
1473 4037 1574 4100 miles
1599 4041 1640 4100 de

324 4128 545 4192 Phefielbeolre
568 4128 711 4191 rendidit
731 4129 788 4191 rite
810 4134 842 4192 et
857 4127 1085 4190 rationabiliter
1105 4127 1277 4189 conventui
1292 4125 1389 4208 Pcrte
1409 4147 1467 4211 pro
1484 4129 1639 4210 quinque

322 4222 437 4282 marcis
465 4227 497 4282 et
525 4219 669 4296 dioneia,
699 4219 783 4300 qnod
812 4218 890 4280 viris
915 4218 1039 4280 idoneis
1066 4237 1160 4298 qnenn
1188 4217 1355 4300 plurimisl
1387 4219 1464 4281 sotis
1494 4229 1642 4280 constat.

322 4311 363 4374 Et
383 4331 423 4374 ne
447 4311 542 4373 elicui
566 4317 744 4372 nostrorum
768 4317 963 4390 posterorum
985 4309 1045 4389 hee
1071 4315 1179 4370 nostro
1205 4307 1331 4370 collatio
1352 4308 1515 4390 incognita
1539 4328 1643 4390 repe-

322 4402 434 4480 riatur,
460 4419 591 4482 presens
620 4401 772 4482 scripturn
808 4401 954 4462 dedimus
985 4399 1155 4461 conventui
1188 4398 1288 4480 ipsius
1317 4397 1416 4480 Pcrte
1446 4405 1645 4462 nostrornm
1683 4461 1684 4474 ,

322 4489 498 4572 sigillorum
523 4491 701 4552 munimine
730 4489 921 4553 roboratum.
972 4489 1079 4551 Testes
1108 4490 1239 4570 insuper
1268 4487 1363 4549 huius
1394 4488 1439 4550 rei
1468 4489 1648 4569 premisse

322 4585 398 4642 sunt
436 4579 630 4644 Wernherus
669 4579 760 4641 miles
801 4579 840 4640 de
881 4577 1092 4661 Schidingen,
1143 4577 1375 4640 Henemennus
1413 4577 1452 4640 de
1480 4573 1648 4651 Munre‘,
1683 4625 1684 4654 p
