3410 5146
530 401 580 466 Nr.
591 403 703 462 98-99.
725 401 906 462 leet-1228.
1320 403 1369 462 125

109 553 241 710 mei
264 555 338 712 ἄν
362 557 414 622 die
433 556 561 638 emper
587 576 647 622 voa
668 555 794 639 Apuleia
814 555 912 622 &rcit
934 555 1077 622 amdan
1098 554 1307 637 macerasse
1327 576 1374 618 cr-

242 667 263 710 a
322 690 329 710 .
1241 699 1244 707 .

210 783 351 842 Heledus
371 783 397 838 T
406 775 487 844 2031.

213 889 324 944 Dntclt:
344 889 479 944 Deiotaclr:
504 889 645 958 Wolffll.
665 893 690 946 6.
732 889 788 960 th.
809 889 1009 945 Bonna-ew
1027 889 1074 957 ΙΙ,
1093 887 1232 956 XXXII,
1251 889 1373 946 Naneo.

147 1015 327 1098 S[iiridusl·
353 1019 404 1081 dei
432 1019 533 1101 gratia
559 1021 669 1098 sancte
696 1017 970 1098 Magantiuensisb
996 1015 1081 1079 sedis
1109 1015 1374 1099 archiepiscopus.

78 1107 179 1190 deripti
219 1109 375 1190 presentis
408 1108 521 1170 inditio
557 1107 746 1190 profitemur
771 1127 830 1170 nos
856 1108 973 1170 vidisse
1003 1106 1079 1168 olim
1107 1106 1141 1168 in
1167 1105 1376 1170 Borsendorlf

78 1197 260 1278 prepositum
295 1203 326 1260 et
356 1201 552 1261 conventum
582 1197 777 1278 regularium
810 1203 842 1260 et
870 1196 1020 1259 defuncto
1052 1197 1120 1278 ipso
1155 1196 1316 1277 preposito
1342 1195 1375 1256 in

78 1286 178 1348 eodem
222 1287 291 1349 loco
327 1306 386 1350 nos
426 1287 612 1350 auctoritate
645 1291 753 1349 nostra
794 1286 891 1349 alium
928 1287 1125 1368 prepositum
1158 1284 1374 1348 confirmasse.

79 1373 182 1438 ,Postea
207 1377 245 1438 do
273 1395 430 1439 consensu
458 1381 567 1438 nostro
593 1376 676 1438 laeta
702 1381 750 1438 est
776 1376 920 1438 eiusdem
947 1383 1125 1438 conventus
1151 1374 1374 1438 translationi

77 1465 242 1528 confratres
258 1466 298 1528 de
314 1465 408 1528 donro
424 1465 626 1544 'leutonica‚¹
650 1467 704 1546 qui
723 1466 864 1528 districte
877 1465 1105 1548 promiserunt,
1127 1465 1212 1546 quod
1231 1465 1376 1528 ditinum

77 1553 186 1617 ibidem
202 1555 390 1636 obsequium
401 1555 490 1618 nullo
508 1557 804 1634 modominuerent,
821 1556 874 1618 sed
887 1561 1048 1637 augerent.
1078 1554 1160 1617 ltem
1170 1553 1209 1616 ab
1219 1554 1376 1618 ilbslaeta

78 1653 120 1706 est
151 1645 249 1728 ipsius
282 1651 460 1710 contentus
493 1646 655 1709 translatio
687 1645 726 1707 ad
756 1645 927 1708 Portenses
959 1644 1132 1708 monachos
1163 1643 1375 1708 cistertiensis

77 1733 197 1797 ordinis.
243 1734 368 1799 Deinde
396 1736 617 1819 Appoldenses
651 1741 806 1818 ceperunt
835 1753 930 1816 agere
959 1735 992 1796 in
1024 1732 1202 1797 Fortenses.
1254 1735 1298 1798 At
1330 1734 1375 1796 illi

76 1841 212 1885 causam·
231 1843 288 1906 per
320 1824 565 1908 appellationem
594 1823 632 1887 ad
665 1829 846 1887 nosborum
878 1823 1020 1886 iudicum
1050 1823 1244 1884 audientiam
1275 1829 1376 1886 trans·

76 1911 223 1990 tulerunt,
244 1913 467 1996 Appoldenses
489 1933 564 1977 vero
585 1933 714 1976 causam
736 1913 837 1996 ipsam
860 1915 900 1975 ad
921 1913 1059 1975 iudicem
1082 1911 1273 1988 secularem,
1295 1913 1375 1976 lant-

76 2001 228 2081 gravium,
263 2004 496 2067 transtulerunt
532 2005 566 2066 in
602 2009 785 2085 contemptu
822 2003 933 2066 iudicii
966 2002 1123 2084 spiritalis.
1179 2002 1250 2084 Hoc
1289 2023 1376 2067 reco-

76 2092 251 2169 gnoscimus
272 2097 303 2154 et
325 2099 486 2156 testamur.
528 2091 645 2156 Datum
674 2093 758 2176 apud
789 2093 999 2177 llrphordiam
1027 2101 1066 2154 ΠΙ
1098 2091 1170 2153 idus
1205 2093 1377 2174 Februarii

76 2181 272 2260 pontificatus
294 2184 395 2244 nostri
416 2201 500 2245 auno
523 2183 674 2246 vioemmo
696 2183 813 2246 serito.l

142 2293 289 2349 ι81111111
307 2311 402 2351 caesar
420 2296 441 2352 S
457 2297 655 2367 aamoetmcben
697 2287 876 2368 bMuguntu'r

143 2405 151 2436 ¹
179 2400 235 2470 Vpl.
256 2399 317 2459 eod.
330 2401 396 2470 dipl.
411 2401 475 2460 Sar.
487 2419 540 2471 rep.
556 2402 591 2456 11
597 2442 603 2464 ‚
624 2401 653 2469 Ι,
672 2405 714 2461 92.
771 2400 943 2456 ²Hicruoclt
964 2403 1056 2456 wdrdc
1078 2401 1135 2457 siclt
1152 2403 1289 2472 eiycrrtlicb
1309 2407 1378 2459 1226

75 2480 188 2546 erectam
214 2480 280 2534 decb
304 2479 367 2534 abed
392 2481 424 2535 a'n
446 2481 591 2550 Siepfrieda
617 2479 658 2540 ΙΙ,
686 2479 834 2536 urucam
875 2481 966 2536 casn
995 2483 1239 2551 Pontifitctap'abrc
1265 2485 1378 2551 mctsaclr

77 2557 107 2619 (z.
125 2557 158 2616 Β,
186 2561 224 2612 im
251 2559 383 2627 Erfiarer
406 2561 463 2619 UB.
495 2563 551 2629 fast
573 2561 769 2632 dmcbpcinpipl
796 2579 843 2616 um
865 2563 935 2615 eim
955 2579 990 2616 eu
1012 2561 1120 2632 nr'edrtp
1136 2564 1240 2632 pezdblt
1265 2564 1325 2617 aad
1350 2581 1379 2620 ao

72 2635 210 2704 msalla
232 2640 304 2692 aaut
326 2640 392 2707 bier,
414 2640 452 2693 da
478 2641 750 2695 dicimdam'1226
768 2643 912 2710 eollacpcne
934 2641 1130 2711 uestram
1146 2643 1377 2713 mammendorp

76 2733 111 2767 an
130 2717 221 2784 Psortc
237 2719 269 2772 in
287 2719 335 2772 der
358 2719 486 2774 Urlouadc
503 2721 545 2774 uls
562 2721 654 2775 bercioe
670 2721 813 2790 poecbcben
831 2722 953 2774 mwitlrnt
971 2721 1046 2779 wird,

78 2929 183 3014 1228.
1311 2938 1377 3022 bb.

152 3066 329 3150 lmadpraf
344 3067 498 3134 Heinrich
519 3067 626 3151 Ruspe
646 3071 786 3153 bestdtipl
805 3073 862 3136 mu
883 3065 1103 3150 Zaubamcap
1123 3071 1223 3134 seinos
1232 3072 1379 3138 Bracdcrs

113 3155 249 3220 Konrad
272 3158 325 3221 die
351 3157 501 3223 Urlrurtdc
519 3161 573 3223 das
592 3161 802 3244 Laadprafcn
822 3163 958 3242 Ludwip
970 3161 1030 3225 IV.
1053 3159 1125 3242 (Nr.
1138 3164 1192 3238 891
1214 3163 1380 3243 bctrcffeud

111 3245 163 3308 die
190 3245 426 3329 Vertumnum
462 3269 521 3312 voa
556 3255 584 3314 6*
604 3249 717 3332 Hufea
755 3252 792 3315 ia
817 3249 1027 3316 maculem
1053 3249 1123 3312 aad
1151 3247 1252 3314 Velare
1285 3271 1380 3332 papea

114 3335 268 3418 4Huscn
293 3337 348 3400 des
374 3337 517 3402 chstcrs
540 3339 646 3422 Pforte
671 3342 706 3404 11
729 3341 856 3425 Eorta,
878 3339 1098 3418 Sclcwubsdcrf
1125 3339 1194 3403 mco
1220 3339 1386 3424 Tbusdcrf

111 3425 197 3488 nebst
220 3425 445 3508 Geldaoblunp.

227 3559 358 3616 nacon:
376 3561 451 3616 Der
467 3563 520 3630 (st.
539 3562 615 3632 ver).
638 3557 743 3620 crasi.

223 3665 337 3720 Dnnc:
358 3667 491 3722 Daasu:
516 3669 600 3737 Wolff
614 3669 662 3737 Π,
682 3675 721 3726 12.

151 3791 190 3855 ln
212 3794 341 3856 nonune
363 3801 471 3858 sancte
493 3805 525 3858 et
543 3796 709 3862 individue
725 3800 883 3864 trinitatis.
924 3801 1097 3866 Heinricus
1113 3803 1284 3888 Tburlrrgie
1301 3803 1382 3869 lant-

74 3882 202 3954 gravius
240 3889 272 3946 et
307 3883 446 3947 Saxonis
477 3904 584 3949 comes
615 3887 782 3970 palatinus.
835 3891 992 3966 Quoniam
1022 3895 1134 3976 fragile
1166 3897 1304 3958 bominis
1335 3898 1382 3958 in-

73 3970 222 4048 genium·
249 3972 291 4034 ad
317 3991 424 4036 rerum
450 3975 559 4038 turbas
585 3995 648 4038 non
681 3979 814 4052 suificit,
842 3981 913 4044 ideo
941 3982 1129 4065 plerumque
1157 3987 1326 4066 cirnti'ngit,
1350 3994 1383 4048 ut

74 4076 122 4132 ea,
145 4079 210 4140 que
231 4069 387 4143 geruntur
408 4063 447 4126 ab
468 4064 665 4144 hominibus,
689 4069 728 4130 de
747 4069 833 4132 facili
854 4071 886 4132 in
910 4071 1103 4136 oblivionem
1121 4081 1299 4153 vertantur,
1320 4075 1382 4136 uisi

73 4147 111 4210 ad
144 4151 358 4214 successionis
388 4155 574 4218 memoriam
600 4158 821 4238 supervictura
850 4160 1041 4242 scriptorum
1066 4163 1148 4226 serie
1177 4164 1382 4247 protelentur.

76 4238 123 4299 Ad
154 4240 248 4302 cuius
269 4241 315 4304 rei
341 4241 497 4306 cautelam
527 4246 684 4327 presentis
712 4247 815 4312 littere
844 4251 1024 4314 testimonio
1053 4251 1265 4331 declaramus,
1288 4253 1382 4333 qnod,

74 4346 143 4390 eum
172 4331 224 4412 pie
249 4331 403 4394 memorie
425 4330 615 4397 Ludewieus
642 4335 740 4399 irater
761 4345 793 4400 et
813 4338 1019 4420 predecessor
1041 4346 1149 4402 ncrster
1171 4346 1234 4404 tres
1255 4361 1384 4404 mansos

74 4416 103 4477 in
139 4417 425 4499 Hentsousleibem
465 4441 545 4504 quos
578 4424 680 4504 tytulo
714 4429 914 4510 proprietatis
943 4431 1140 4512 possederat,
1167 4437 1317 4494 recantes
1351 4439 1383 4494 et

73 4508 256 4569 arrnusu‘ml
278 4507 338 4572 sibi
358 4513 545 4592 pensionem
566 4512 726 4577 solventes
748 4517 875 4578 etitem
897 4521 961 4580 tres
983 4519 1061 4582 alios
1082 4521 1114 4581 in
1138 4519 1219 4597 Ver,
1241 4540 1321 4601 quos
1343 4521 1382 4582 ab

72 4594 137 4676 ipso
171 4596 332 4662 habebant
352 4599 386 4662 iu
414 4599 509 4664 feodo
536 4603 597 4666 viri
624 4603 757 4686 nobiles²
785 4604 959 4671 Heinricus
982 4613 1014 4673 et
1041 4608 1225 4674 (luntherus
1251 4611 1383 4674 comites
