3410 5146
318 355 352 408 82
688 354 917 408 Urltuudenbuch
936 353 983 408 dos
1004 354 1127 408 Klosterr
1146 353 1248 413 Pfortc,

318 505 446 584 brandi,
482 525 594 568 causas
623 507 777 568 tractandi
819 507 869 569 vel
899 511 1076 569 conventus
1101 506 1225 586 aliquos
1251 505 1397 588 publicos
1423 505 1606 568 corrrocandi

320 597 427 658 sarrire
449 600 611 678 presumat
632 613 692 658 nec
714 595 891 676 regularem
918 596 1013 657 vestri
1040 593 1162 656 abbatis
1185 594 1372 658 electionem
1395 593 1546 677 impediat
1564 603 1609 655 aut

318 685 357 747 de
380 684 575 747 instituendo
598 683 648 748 vel
671 685 864 747 remorando
886 703 933 757 co,
955 685 1009 764 qui
1023 705 1079 766 pro
1096 693 1237 766 tempore
1252 684 1358 754 fuerit,
1378 691 1488 746 contra
1505 691 1609 747 statuta

318 773 557 838 Cisterciensisb
581 774 701 836 ordinis
723 793 755 837 se
778 773 979 854 aliquatenus
999 775 1195 836 intromittat.
1238 775 1269 836 si
1293 793 1367 836 vero
1390 774 1609 857 episcopusin

318 865 410 926 cuius
420 864 586 946 parrochia
602 865 715 927 domus
739 869 842 925 vestra
863 863 996 926 fundata
1017 869 1072 942 ost,
1094 883 1166 926 eum
1189 863 1365 926 humilitate
1387 883 1423 925 ac
1442 863 1611 938 devotione,

319 973 381 1035 qua
407 953 572 1030 convenit,
601 953 772 1034 requisitus
797 952 1003 1015 substitutum
1030 951 1175 1016 abbatcnr
1199 953 1387 1016 benedicere
1408 959 1440 1016 et
1461 953 1535 1028 alia,
1557 972 1610 1033 (pue

317 1044 356 1105 ad
383 1043 526 1106 officium
556 1043 733 1125 episcopale
762 1043 934 1125 pertinent,
961 1041 1052 1104 vobis
1079 1043 1224 1106 conferre
1252 1043 1406 1120 renuerit,
1436 1042 1557 1105 licitum
1577 1042 1611 1103 sit

317 1131 421 1196 cidem
445 1131 563 1204 abbati,
584 1132 610 1194 si
632 1139 735 1194 tamen
759 1131 906 1194 sacerdos
927 1132 1036 1209 fuerit,
1058 1132 1200 1214 proprios
1221 1133 1359 1194 novitios
1379 1132 1566 1195 benedicere
1586 1139 1612 1193 et

318 1222 392 1298 alia,
415 1241 476 1302 que
496 1221 535 1284 ad
558 1221 701 1284 officium
722 1241 815 1284 suum
836 1221 1008 1302 pertinent.
1030 1240 1180 1284 exercerc
1204 1225 1236 1284 et
1258 1221 1347 1285 vobis
1371 1223 1478 1284 omnia
1498 1221 1537 1284 ab
1558 1221 1612 1282 alio

317 1313 465 1395 episcopo
487 1311 663 1394 percipere,
686 1330 787 1392 quea
811 1317 914 1374 vestro
935 1310 1055 1373 fuerint
1080 1310 1219 1374 indebite
1242 1310 1405 1392 denegata.
1447 1311 1531 1374 Hlud
1553 1310 1612 1373 adi-

317 1404 451 1480 cientes,
478 1407 514 1463 ut
538 1402 570 1463 in
598 1401 788 1484 recipiendis
815 1398 1080 1484 professionibus,
1109 1419 1171 1480 que
1197 1419 1216 1462 a
1243 1400 1420 1464 benediciis
1446 1401 1497 1464 vel
1526 1400 1614 1464 bene·

318 1491 461 1555 dicendis
494 1490 660 1554 abbatibus
686 1490 894 1568 exhibentur,
922 1510 958 1553 ca
988 1491 1052 1553 sint
1077 1491 1216 1572 episcopi
1242 1491 1396 1554 formast
1416 1493 1614 1574 expressione

317 1581 473 1660 contenti,
501 1601 563 1662 que
591 1580 629 1644 ab
656 1581 777 1662 origine
801 1581 922 1644 ordinis
943 1581 1085 1644 noscitur
1105 1580 1263 1657 instituta,
1292 1585 1327 1644 ut
1348 1581 1470 1643 scilicet
1491 1579 1615 1642 abbates

317 1671 377 1754 ipsi
405 1670 493 1734 salvo
521 1669 631 1734 ordine
660 1689 717 1733 suo
745 1671 888 1753 profiteri
916 1670 1052 1734 debeant
1080 1677 1111 1734 ot
1137 1677 1248 1732 contra
1274 1675 1391 1732 statuta
1420 1670 1541 1732 ordinis
1570 1668 1613 1730 sui

317 1759 438 1822 nullam
467 1760 696 1842 professionem
722 1760 826 1823 facere
854 1761 1092 1843 compellantur.
1137 1759 1197 1822 Pro
1224 1759 1517 1822 consecrationibus
1545 1777 1616 1821 vero

318 1847 464 1911 altarium
494 1848 544 1911 vcl
572 1847 779 1911 ecclesiarum
808 1850 874 1912 sive
904 1869 959 1931 pro
982 1848 1051 1912 oleo
1074 1855 1182 1910 sancto
1202 1847 1251 1910 vel
1275 1847 1418 1928 quolibet
1438 1849 1500 1911 alio
1520 1847 1617 1911 eccle-

318 1938 444 2002 siastico
474 1942 671 2000 sacramento
698 1937 807 2000 nullus
833 1957 851 2000 a
874 1937 963 2001 vobis
989 1937 1047 2000 sub
1070 1936 1202 2000 obtentu
1222 1937 1463 2000 consuetudinis
1484 1938 1537 2002 vel
1561 1937 1617 1998 aliu

317 2027 411 2090 modo
439 2027 611 2108 quicquam
638 2027 753 2090 audeat
783 2035 988 2109 extorquere,
1018 2027 1072 2090 scd
1100 2027 1158 2090 lrec
1186 2027 1293 2089 onmia
1316 2027 1415 2109 gratis
1441 2027 1532 2090 vobis
1559 2027 1619 2109 epi-

318 2137 433 2200 scopus
455 2116 644 2180 diocesanus
665 2117 841 2201 impendat3
864 2118 1005 2200 alioquin
1022 2118 1116 2180 liceat
1133 2115 1232 2194 vobis,
1254 2117 1619 2198 quemcumquemalue·

318 2208 399 2284 ritis,
428 2206 619 2268 catholicum
649 2207 736 2272 adire
763 2208 934 2271 antistitem
965 2207 1097 2289 gratiam
1120 2211 1152 2269 et
1172 2207 1430 2270 communionem
1451 2208 1619 2290 apostolice

318 2296 402 2359 sedis
424 2295 606 2362 habentem.
636 2297 690 2377 qui
721 2302 829 2359 nostra
855 2299 956 2359 fretas
982 2297 1169 2359 auctoritate
1196 2295 1301 2374 viabis,
1330 2296 1416 2376 quod
1437 2296 1621 2379 postulatur.

293 2385 488 2468 impendat.
531 2383 621 2459 Quod
654 2385 680 2447 si
708 2386 800 2450 sedes
828 2385 988 2449 diocesani
1020 2385 1159 2468 episcopi
1188 2385 1269 2448 forte
1296 2385 1468 2465 vacaverit,
1495 2386 1621 2449 interim

318 2475 425 2537 omnia
453 2473 667 2537 ecclesiastica
696 2481 894 2538 sacramenta
923 2495 941 2536 a
966 2475 1079 2538 vicinis
1105 2475 1262 2557 episcopis
1289 2475 1432 2558 accipere
1462 2474 1563 2538 libere
1594 2483 1623 2538 et

318 2565 438 2646 absque
470 2564 721 2628 contradictione
747 2565 887 2648 possitiS,
910 2566 955 2628 sic
976 2571 1092 2642 tamen,
1112 2568 1149 2626 ut
1170 2581 1211 2626 ex
1233 2564 1293 2626 lroc
1312 2565 1345 2626 in
1367 2571 1530 2646 posterum
1552 2585 1622 2648 pro-

317 2655 395 2738 priis
429 2655 585 2738 episcopis
619 2653 743 2717 nullum
769 2655 982 2739 preiudiciunr
1013 2659 1191 2737 generetur.
1242 2653 1324 2728 Quia
1355 2673 1432 2716 roro
1462 2655 1623 2717 interdum

318 2745 518 2827 propriorum
559 2743 780 2829 episcoporum
823 2745 946 2828 copiam
988 2763 1051 2807 non
1083 2743 1220 2815 habetis,
1259 2744 1285 2805 si
1316 2763 1410 2821 quem
1440 2745 1623 2827 episcopum

319 2831 461 2896 Romane
483 2833 577 2912 sedis
598 2840 633 2895 ut
654 2832 808 2912 diximus,
829 2833 1086 2897 communionem
1107 2831 1278 2895 habentem
1299 2839 1331 2895 et
1352 2833 1392 2896 de
1414 2852 1478 2914 quo
1498 2833 1624 2916 plenam

321 2922 465 2984 notitiam
485 2921 636 3000 habeatis
657 2941 714 3005 per
734 2943 792 2986 ros
814 2923 948 2986 transire
970 2922 1146 3003 contigerit,
1168 2921 1206 2983 ab
1229 2941 1267 2984 eo
1281 2921 1521 2985 benedictiones
1534 2941 1627 2985 vaso·

320 3031 392 3074 rum
423 3017 455 3074 et
484 3011 636 3088 vestium,
672 3013 928 3075 consecrationes
959 3012 1119 3090 altarium,
1146 3010 1362 3074 ordinationes
1395 3012 1626 3075 monachorum

321 3102 507 3164 auctoritate
530 3100 701 3185 apostolice
724 3102 809 3165 sedis
832 3103 971 3185 recipere
992 3101 1131 3164 valeatis.
1174 3100 1274 3164 Porro
1296 3101 1323 3163 si
1344 3101 1485 3185 episcopi
1505 3101 1556 3165 vel
1574 3101 1627 3164 alii

321 3191 527 3254 ecclesiarum
556 3195 695 3254 rectores
721 3191 755 3252 in
781 3192 1011 3254 monasterimn
1039 3197 1180 3254 vestrum
1210 3190 1260 3254 vel
1281 3209 1433 3273 personas
1450 3190 1530 3252 inibi
1551 3210 1629 3254 con-

322 3279 447 3343 stitutas
468 3280 700 3364 suspensionis,
722 3281 1063 3344 excommunicationis
1086 3280 1136 3342 vel
1159 3281 1320 3343 interdicti
1343 3281 1531 3343 sententiam
1555 3301 1629 3364 pm-

321 3369 534 3451 mulgaverint
555 3369 621 3432 sive
644 3371 738 3432 etiam
760 3370 794 3432 iu
817 3371 1053 3433 mercennarios
1076 3375 1197 3432 vestros
1217 3389 1274 3452 pro
1296 3389 1348 3448 eo,
1377 3370 1461 3451 qiuul
1486 3370 1629 3432 (lecimus

323 3478 387 3521 uon
408 3459 539 3536 solvitis,
559 3459 625 3521 sive
647 3459 755 3539 aliqua
776 3460 942 3523 occasione
964 3479 1084 3538 eorum,
1106 3479 1168 3541 que
1191 3458 1229 3521 ab
1245 3460 1417 3542 apostolica
1434 3459 1631 3540 benignitate

323 3547 414 3610 vobis
436 3547 560 3610 indulta
582 3555 664 3627 sunt,
685 3568 742 3612 seu
763 3549 983 3613 benefactores
1003 3556 1127 3612 vestros
1148 3569 1205 3632 pro
1227 3567 1278 3628 eo,
1301 3548 1386 3629 (priori
1409 3549 1517 3630 aliqua
1536 3549 1631 3612 vobis

325 3637 480 3699 beneficia
506 3636 557 3698 vel
587 3636 741 3719 obsequia
768 3659 810 3701 ex
835 3639 964 3701 caritate
991 3638 1258 3721 prestiterintvel
1281 3637 1552 3701 adlaborandum
1575 3639 1633 3700 ad-

324 3727 463 3789 iuverint
481 3727 513 3788 in
537 3725 599 3788 illis
622 3726 743 3802 diebus,
765 3729 796 3790 in
821 3729 937 3809 quibus
959 3748 1016 3791 vos
1032 3728 1182 3791 laboratis
1202 3726 1297 3790 etalii
1308 3725 1472 3806 feriantur,
1493 3728 1631 3792 eandem

325 3816 513 3878 sententiam
535 3815 737 3898 protulerint,
763 3819 864 3900 ipsam
886 3824 1047 3900 tamquam
1070 3823 1181 3880 contra
1204 3818 1288 3879 sedis
1310 3817 1481 3899 apostolice
1503 3819 1633 3881 indulta

317 3905 477 3986 prolatam
505 3905 656 3968 (luximus
681 3906 867 3970 irritandam
889 3927 949 3970 nec
971 3907 1075 3971 littere
1097 3908 1150 3969 illc
1171 3907 1354 3969 firmitatem
1375 3907 1526 3988 habeant,
1548 3927 1634 3988 quas

325 3995 419 4056 tacito
453 3995 581 4056 numine
616 3995 835 4059 Cisterciensis
865 3998 985 4059 ordinis
1017 4003 1049 4060 et
1075 4003 1186 4060 contra
1213 4003 1355 4059 tenorem
1382 3997 1633 4079 apostolicorum

326 4083 564 4165 privilegiorum
586 4086 763 4148 constiterit
786 4086 957 4169 impetrari.
993 4087 1064 4148 l'aei
1087 4105 1215 4167 quoqne
1236 4092 1268 4149 et
1289 4086 1510 4166 tranquillitati
1527 4095 1636 4149 vestre

327 4179 457 4254 patema
478 4173 509 4233 in
533 4179 694 4254 posterum
716 4175 931 4237 sollicitudine
957 4175 1122 4256 priuidore
1146 4175 1288 4238 volentes
1309 4177 1639 4259 anctoritateaposto-

320 4261 387 4322 ‘lica
409 4262 622 4344 prohibemus,
644 4269 679 4326 ut
700 4265 784 4326 infra
805 4264 984 4326 clausurum
1008 4263 1148 4327 lruuuum
1172 4266 1223 4326 vel
1235 4266 1439 4348 grangiarum
1457 4273 1637 4329 vestrarum

327 4351 435 4413 nullus
456 4353 600 4435 rapinam
621 4373 677 4417 seu
699 4355 819 4417 lurtum
842 4356 956 4430 facere,
976 4355 1081 4434 ignem
1099 4375 1266 4438 apponere,
1289 4355 1641 4437 sanguinemfundere,

327 4441 487 4504 hominem
510 4451 628 4506 tenrere
650 4463 762 4526 capere
785 4445 834 4506 vel
859 4444 1039 4506 interficere
1061 4463 1117 4506 seu
1140 4446 1323 4508 violentiam
1336 4445 1453 4507 audeat
1471 4463 1639 4507 exercere.

328 4529 477 4592 Preterea
508 4551 617 4594 onmes
649 4533 810 4595 libertates
846 4538 878 4595 et
904 4533 1121 4596 immunitates
1152 4555 1169 4594 a
1198 4533 1476 4616 predecessoribus
1506 4537 1641 4601 nostris}
