3400 5148
323 374 372 429 aaa
689 370 919 427 Urlrnndonbnch
938 371 986 426 des
1004 371 1129 427 Klosters
1149 371 1251 427 Pforta.

321 525 431 607 tana.
459 523 653 606 Februar
679 524 742 605 24.
1530 523 1603 604 tn.

407 683 531 746 llbrner
558 682 633 757 Aba,
657 681 779 746 Aruold
799 683 951 758 nedem,
976 682 1083 750 albert
1107 683 1216 763 [tropat
1244 683 1312 746 aad
1333 684 1392 746 dos
1415 681 1547 763 Kapitcl
1564 682 1605 744 das

360 771 498 836 Klosfcrs
524 771 672 853 Hersfefd
699 773 866 852 batattpea
893 773 953 836 den
984 771 1128 852 Varlrauf
1150 791 1207 836 von
1238 771 1391 852 dHusen
1419 773 1454 836 ia
1482 769 1606 835 Harad-

358 861 441 926 taen
457 861 515 940 fiir
535 866 599 924 146
609 860 709 924 Marl·
731 862 842 926 scitans
864 862 944 926 ibrcs
965 861 1200 926 Martistcrfalca
1224 861 1390 941 Reiufmed
1412 860 1606 926 vmframu-

357 952 441 1016 lebca
460 973 505 1016 aa
525 953 585 1015 das
605 951 731 1016 Kaua-
754 951 860 1032 Pforte
885 953 954 1014 aad
980 951 1089 1031 eipacn
1110 950 1259 1016 laniaco
1277 971 1372 1032 pepon
1395 949 1541 1032 Zdebren
1561 971 1607 1014 aori

359 1049 380 1106 8
402 1043 501 1108 Marta
521 1043 571 1106 dic
589 1043 757 1122 ydrauffea
779 1041 891 1122 Hasce
909 1061 960 1107 aa.

466 1181 602 1239 Educta:
622 1181 650 1235 D
668 1185 703 1235 38
720 1182 772 1248 (tit.
784 1181 857 1242 Ver).
892 1181 916 1234 Τ
934 1185 987 1238 156.

471 1298 575 1352 Druck:
594 1297 727 1352 Dalatacb:
755 1297 838 1364 Wolff
853 1297 894 1362 ll,
914 1301 955 1350 73.

395 1426 433 1487 ln
461 1425 587 1488 nomine
615 1431 722 1486 sancte
752 1431 783 1486 et
809 1423 973 1486 individue
1001 1424 1157 1486 trinitatis.
1207 1423 1404 1487 Wernherus
1435 1424 1487 1487 dei
1518 1426 1607 1507 gratia

316 1513 428 1592 abbas,
465 1512 630 1576 Arnoldus
662 1513 815 1590 decanus,
851 1512 1003 1576 ailbertus
1037 1513 1215 1596 prepositus
1247 1519 1412 1595 fotumque
1442 1514 1608 1596 capitulum

316 1603 551 1667 Hersfeldensis
575 1602 708 1666 ecclesie
739 1603 897 1664 universis
921 1601 1037 1666 Christi
1065 1601 1215 1666 fidelibus
1240 1603 1272 1666 in
1294 1609 1491 1686 perpetuum.
1535 1603 1608 1680 Quo-

317 1693 399 1755 niam
429 1697 585 1755 retroacta
610 1692 736 1774 negotia
763 1691 855 1756 facile
882 1690 1009 1756 labilem
1039 1692 1221 1755 memoriam
1248 1692 1429 1756 mortalium
1451 1693 1608 1778 effugiunt.

316 1782 374 1844 nisi
398 1782 577 1846 testimonio
600 1782 827 1864 scriphirarum
849 1781 888 1844 ad
909 1782 1057 1845 noticiam
1079 1782 1260 1844 futurorum
1282 1783 1526 1864 bansferantur,
1546 1784 1608 1848 ideo

315 1879 376 1935 tam
407 1871 607 1954 presentibus
638 1891 731 1951 quam
762 1871 878 1934 futuris
898 1877 1008 1934 notum
1032 1891 1101 1934 esse
1123 1873 1272 1936 volumus
1290 1878 1322 1938 et
1342 1879 1502 1950 constare,
1525 1873 1609 1956 quod.

313 1981 387 2024 cum
417 1959 514 2022 abbas
543 1967 573 2022 et
603 1967 779 2022 conventus
807 1962 987 2024 monasterii
1022 1961 1061 2024 de
1088 1959 1183 2024 Porta
1216 1961 1354 2025 ordinis·
1380 1961 1609 2043 (lysterciensis.

314 2049 578 2132 Nuenburgensis
601 2050 759 2129 dyocesis,
781 2071 798 2111 a
820 2049 985 2114 Refnfrido
1006 2050 1045 2113 de
1069 2050 1326 2130 Hentsesleiben,
1346 2058 1455 2115 nostro
1477 2053 1609 2117 ministe-

314 2141 392 2218 riali,
414 2160 471 2204 sex
491 2159 619 2203 mansos
640 2141 672 2202 in
696 2139 771 2201 villa
792 2145 824 2202 et
845 2159 926 2224 pago
944 2139 1207 2205 Hentscesleiben
1230 2161 1286 2225 pro
1309 2141 1333 2205 O
1354 2148 1386 2205 et
1409 2144 1609 2227 quadraginta

314 2251 369 2294 sex
397 2231 512 2293 marcis
538 2232 660 2313 argenti
690 2235 926 2313 comparassent
952 2237 983 2293 ct
1004 2231 1080 2292 dicti
1101 2232 1203 2294 mansi
1225 2233 1265 2294 ad
1287 2237 1426 2296 nostram
1451 2233 1610 2298 ecclesiam

313 2321 382 2384 iure
404 2321 605 2403 proprietatis
626 2321 833 2404 pertinerent,
855 2319 952 2382 abbas
974 2326 1005 2382 et
1023 2325 1199 2384 conventus
1220 2321 1355 2404 predicti
1374 2325 1557 2407 monasterii
1578 2323 1611 2386 da

313 2409 409 2473 Porta
430 2411 520 2473 nobis
543 2409 704 2474 humiliter
725 2409 993 2492 supplicaverunt,
1014 2415 1050 2470 ut
1070 2415 1268 2474 contractum
1289 2411 1373 2474 inter
1392 2411 1480 2495 ipsos
1501 2419 1533 2476 et
1547 2431 1610 2498 pre·

313 2501 411 2562 fatum
435 2499 635 2563 Reinfridum
658 2507 760 2562 ratum
783 2499 898 2561 hahere
920 2519 957 2560 ac
979 2506 1086 2562 nostro
1109 2499 1274 2583 privilegio
1296 2500 1486 2565 confirmare
1508 2502 1611 2586 digna·

313 2609 429 2653 remur.
472 2589 537 2652 Nos
557 2591 656 2671 igitur
676 2589 914 2652 considerantes
935 2594 1116 2671 prenotatos
1138 2607 1195 2654 sex
1217 2609 1345 2653 mansos
1360 2595 1466 2654 nostre
1484 2591 1611 2656 ecclesie

312 2699 331 2740 a
353 2680 448 2741 tantis
470 2679 618 2741 manibus
640 2697 804 2758 nunquam
827 2682 994 2741 vacaturos
1015 2697 1074 2741 neo
1095 2678 1235 2742 fructum
1257 2679 1392 2743 alicuius
1411 2680 1611 2745 emolumenti

313 2787 371 2831 nos
396 2768 573 2844 habituros,
601 2767 640 2828 ob
671 2767 812 2830 favorem
841 2787 897 2830 sue
926 2767 1088 2848 religionis
1114 2769 1172 2830 acl
1194 2769 1339 2851 specialis
1359 2770 1503 2834 amicicie
1523 2770 1612 2854 preli-

312 2857 420 2920 batum
448 2863 643 2920 contrartum
674 2857 756 2920 inter
781 2864 971 2920 memoratos
999 2857 1143 2920 abbatem
1171 2861 1202 2922 et
1228 2864 1419 2922 conventum
1448 2859 1613 2924 Portenses

313 2953 344 3008 et
370 2947 585 3024 Refnfridum,
611 2953 753 3010 nostrum
776 2947 1169 3026 ministerialenr,fact1un
1192 2953 1308 3023 ratum,
1330 2955 1453 3031 gratum
1477 2949 1612 3032 gerimus

312 3043 344 3099 et.
369 3041 533 3119 acceptum
560 3057 596 3099 ao
625 3035 753 3100 eosdem
780 3057 836 3098 sor
865 3055 992 3100 mansos
1019 3037 1049 3099 in
1083 3038 1158 3099 villa
1186 3047 1217 3102 et
1243 3057 1324 3120 pago
1351 3037 1612 3103 Hentsoesleiben

311 3145 384 3212 oum
406 3126 496 3204 areis,
518 3127 603 3204 ortis,
624 3128 730 3209 pratisq
752 3127 886 3208 pascuis,
908 3123 1048 3198 carectis,
1071 3125 1222 3208 piscariis,
1244 3126 1377 3203 salictis,
1399 3126 1494 3191 cultis
1517 3133 1547 3192 ct
1567 3129 1612 3190 in·

311 3214 405 3278 cultis
437 3223 469 3278 et
499 3236 570 3278 eum
604 3211 751 3278 omnibus
781 3215 820 3277 ad
852 3216 936 3298 ipsos
970 3214 1203 3296 pertinentibus
1234 3214 1338 3277 abbati
1376 3221 1407 3279 et
1442 3218 1611 3281 conventui

312 3304 518 3368 Portensibus
551 3325 625 3389 sepe
655 3305 748 3368 dictis
780 3305 934 3387 proseutis
967 3305 1072 3387 scripti
1109 3305 1283 3388 patrocinio
1314 3325 1370 3388 pro
1400 3312 1470 3369 octo
1500 3309 1611 3370 marcis

312 3395 431 3478 argenti
466 3396 699 3474 contradimus,
730 3395 969 3479 appropriamus
1001 3401 1032 3457 et
1059 3395 1286 3456 confirmamus
1313 3415 1385 3458 enm
1418 3398 1507 3459 omni
1535 3397 1611 3462 iure.

312 3484 466 3552 dominio.
494 3486 699 3568 proprietate,
724 3486 937 3568 possessione,
965 3483 1173 3568 proventibus
1194 3489 1226 3547 et
1246 3483 1437 3548 utilitatibus
1458 3486 1612 3550 omnibus.

312 3593 372 3654 que
402 3573 494 3636 nobis
522 3573 744 3656 competebant
769 3581 800 3636 et
831 3593 891 3654 quc
921 3572 1116 3636 habebamus
1138 3573 1172 3634 in
1194 3574 1279 3654 ipsis,
1303 3593 1364 3654 que
1386 3593 1471 3638 nimo
1490 3581 1563 3639 sunt
1583 3582 1612 3635 et

312 3665 343 3726 in
366 3669 527 3746 posterum
549 3670 714 3746 poterunte
737 3663 975 3743 qtatrmodolibet
997 3663 1176 3746 provenire,
1198 3664 1264 3726 sive
1288 3665 1318 3724 in
1343 3665 1512 3746 superlicio
1532 3671 1612 3728 terre

311 3754 374 3814 iam
401 3759 572 3835 appareant
603 3753 652 3815 vel
675 3755 767 3815 ctiam
791 3755 822 3814 in
846 3751 917 3814 imis
937 3757 1019 3814 terro
1041 3752 1244 3834 apparuerint
1265 3753 1296 3812 in
1319 3753 1442 3819 futuro,
1462 3759 1612 3837 perpetim

311 3843 526 3925 possidendos.
570 3842 652 3904 Satio
674 3862 747 3904 cum
769 3843 872 3905 dictus
893 3840 1078 3904 Reinfridus
1098 3861 1155 3905 sex
1178 3861 1303 3906 mansos
1325 3844 1612 3924 p1·enominatosin

312 3931 575 3995 Hentscesleibcn
608 3953 679 3995 cum
707 3932 856 3994 omnibus
881 3933 947 3994 suis
973 3933 1172 4014 pertinentiis
1201 3949 1274 3994 cum
1302 3932 1378 3994 filiis
1406 3938 1439 3995 et
1467 3931 1612 3994 omnibus

310 4023 376 4084 suis
406 4021 576 4084 heredibus
603 4023 779 4085 secundnm
805 4022 1069 4085 consuetudinarii
1101 4027 1182 4084 teme
1212 4023 1388 4103 antiquitus
1415 4022 1612 4084 observatam

311 4120 343 4172 et
364 4117 495 4174 actenus
521 4111 724 4194 approbatam
748 4113 779 4174 in
802 4131 915 4174 munus
944 4119 1067 4174 nostras
1094 4111 1220 4194 publice
1247 4131 1283 4174 ao
1310 4112 1514 4195 solempniter
1535 4111 1612 4172 resi-

310 4202 462 4282 gnorent,
484 4213 520 4263 ut
540 4208 674 4264 tractata
690 4204 735 4264 sic
747 4201 977 4264 rationabiliter
988 4208 1019 4264 et
1033 4207 1160 4283 peraeta
1174 4207 1326 4284 perpetua
1335 4203 1486 4264 firmitate
1500 4219 1612 4263 secura

310 4291 486 4354 ‹rorrsistant
507 4296 617 4354 contra
639 4291 807 4354 oblivionis
829 4291 1043 4367 incomodum,
1065 4291 1274 4354 cavillationis
1296 4297 1329 4353 et
1345 4289 1613 4375 interpretationis

309 4381 435 4443 sinistre
457 4380 671 4463 calumpniam
694 4380 924 4456 detestandam,
950 4387 981 4443 et
1002 4400 1042 4443 ne
1071 4381 1184 4463 prefati
1205 4380 1302 4443 abbas
1323 4386 1356 4444 et
1376 4385 1548 4443 conventus
1573 4376 1614 4440 do

308 4469 404 4532 Porta
431 4489 449 4531 a
477 4471 595 4533 nostris
621 4469 859 4533 successoribus
888 4470 939 4532 rel
966 4472 1058 4533 etiam
1087 4468 1258 4532 heredibus
1283 4469 1440 4533 Refnfridi
1467 4466 1613 4550 superins

312 4560 462 4621 nominati
494 4559 674 4640 aliqualiter
703 4578 799 4641 super
823 4561 985 4641 premissis
1014 4559 1045 4620 in
1076 4565 1235 4641 posterum
1266 4561 1387 4643 possint
1415 4556 1534 4643 gravari
1559 4553 1611 4618 vel
