3402 5152
513 323 521 356 l

620 401 828 461 Nassa-394.
849 402 923 458 1304.

134 555 307 637 quantitatis
332 575 387 638 pro
409 555 510 618 tribus
531 556 646 617 marcis
667 560 697 616 et
716 554 837 617 fertone
857 575 875 616 a
896 554 1043 617 Bertoldo
1065 547 1272 624 cognomento
1296 547 1425 612 Wiman

132 647 190 708 cire
225 648 257 707 in
285 645 356 706 Wie
385 645 445 708 rite
476 650 507 706 et
535 644 762 707 rationabiliter
790 647 988 726 conparavit»
1030 641 1120 718 Quod
1150 645 1274 722 pratum
1305 659 1379 704 oum
1407 663 1425 703 a

132 734 212 797 uobis
245 737 275 797 in
308 735 398 798 feodo
431 736 635 816 suscepisset,
676 742 744 815 post
778 735 1031 815 resignationem
1061 733 1212 815 legittime
1241 731 1279 793 ad
1311 752 1426 794 uranus

130 833 245 890 nostras
273 826 388 904 factam
421 845 480 887 nos
511 825 546 884 in
578 825 799 888 remissionem
831 835 1010 888 nostrorum
1040 821 1258 906 peccaminum
1281 819 1425 884 Portensi

130 916 251 978 cenobio
274 917 307 977 in
329 916 490 998 proprium
513 915 659 978 dedimus
680 934 753 978 oum
776 917 862 976 omni
885 915 962 992 iure,
981 914 1113 978 utilitato
1135 921 1166 974 et
1181 911 1321 974 dominio
1335 913 1425 975 titulo

128 1007 317 1089 proprietatis
339 1013 488 1089 perpetuo
511 1004 746 1087 possidendum.
789 1005 840 1066 Ad
859 1012 999 1067 eternam
1021 1013 1111 1085 ergoc
1135 1007 1224 1085 geste
1241 1003 1285 1064 rei
1307 1019 1426 1083 memo-

127 1097 196 1158 riam
230 1103 407 1178 presentem
439 1096 584 1178 paginam
609 1093 784 1176 sigillorum
807 1099 984 1156 nostrornm
1008 1090 1254 1176 appensionibus
1273 1092 1427 1154 iussimus

127 1185 268 1248 roborari.
317 1184 425 1248 Huius
448 1187 493 1247 rei
519 1190 614 1248 testes
643 1191 718 1246 erint
739 1183 935 1247 Wernherus
965 1183 1002 1246 de
1030 1183 1235 1264 Saluidingem
1266 1181 1426 1246 chricus

126 1277 223 1338 dictus
250 1276 382 1354 Sbober,
414 1275 622 1357 Harlungustl
649 1276 687 1338 de
712 1273 957 1358 laungesbusem
988 1273 1195 1336 Hermannus
1223 1274 1326 1335 dictus
1349 1272 1427 1336 Rost

125 1367 246 1443 milites
274 1365 484 1428 Theodericus
504 1367 542 1428 de
563 1365 685 1447 Apolde
713 1385 886 1428 ooriversus
907 1367 940 1426 in
963 1364 1058 1426 Porta
1077 1369 1108 1425 et
1130 1383 1225 1446 quam
1247 1365 1354 1447 plures
1374 1365 1427 1426 alii

125 1455 180 1518 lide
202 1457 297 1538 digni.
339 1455 456 1518 Datum
480 1475 563 1518 anno
586 1456 705 1518 domini
728 1465 960 1534 ll⁰coo⁰1111⁰‚
983 1464 1034 1518 XV
1059 1455 1206 1518 kalendas
1228 1453 1311 1519 Iulii.

188 1579 400 1652 ”heldernngin
420 1581 449 1634 D
520 1571 585 1632 ¹'ad
605 1578 678 1634 lause
697 1581 776 1645 (olam
793 1579 920 1646 fluvium)
942 1580 970 1633 1)
1041 1583 1051 1606 ¹¹
1070 1580 1155 1650 igitur
1173 1581 1202 1635 D
1274 1569 1347 1633 ‘¹11⁸
1367 1582 1397 1636 Ι]

123 1776 236 1858 noa.
266 1776 517 1877 september·
531 1779 588 1856 n.
1332 1778 1427 1863 aaa.

202 1910 343 1974 Dictriclr
371 1913 434 1975 Ald
458 1933 516 1975 ‘aron
541 1913 647 1994 Plasta
673 1913 842 1990 badiandet,
875 1921 951 1976 dass
977 1914 1032 1976 der
1054 1913 1272 1977 Loienbruder
1292 1915 1428 1978 Koarod

156 2024 217 2066 eoa
240 2002 456 2082 Flenlminyea
479 2005 565 2066 itabat
585 2006 659 2066 arbai
682 2004 945 2068 Brudcrssdlancn
967 2005 1056 2066 einen
1069 2003 1141 2083 Hof
1153 2023 1194 2068 au
1211 2004 1428 2085 Flearrrninpen

156 2094 215 2156 ruit
248 2097 283 2173 ¹'xr
306 2091 396 2174 Hafa
424 2113 465 2157 aa
497 2093 583 2156 einer
612 2097 764 2174 limiamen
791 2095 935 2175 Slislonp
963 2096 1031 2157 uad
1062 2095 1121 2156 den
1151 2093 1230 2157 Zlns
1258 2095 1359 2158 aaron
1387 2117 1428 2161 aa

157 2182 311 2245 Almosen
331 2185 367 2244 in
389 2183 488 2246 aanor
508 2185 715 2265 anyeqeomer
734 2183 836 2248 Welse
857 2185 1006 2248 beslilaml
1027 2183 1111 2246 habe.

271 2309 404 2364 lidercha:
425 2307 452 2362 Τ
459 2315 517 2364 103.
545 2311 576 2364 D
589 2315 639 2364 101
659 2314 710 2378 (til.
721 2311 891 2383 Flemingin)
912 2314 960 2366 mit
977 2311 1060 2365 oielen
1076 2310 1291 2381 Verbdraunpca.

271 2401 381 2456 Druck:
401 2403 535 2457 Deadoclr:
559 2404 643 2472 Wolff
660 2406 701 2472 Il,
719 2409 780 2459 301.
823 2405 878 2474 Vqr.
899 2405 1015 2458 Pareae
1033 2403 1058 2469 I,
1078 2407 1137 2457 122.
1174 2404 1429 2458 Bertucb-Sclsamel

298 2483 344 2548 xl,
364 2487 406 2537 79.
443 2484 620 2552 Borolqprnru,
640 2485 761 2540 Histoire
778 2485 823 2538 dea
841 2485 953 2538 colonico
970 2484 1065 2552 Belpea
1082 2489 1143 2538 342.

196 2597 267 2660 Nos
303 2598 397 2661 frater
433 2595 644 2663 Theodericus
681 2601 778 2664 abbas
814 2603 847 2662 in
880 2599 975 2662 Porta
1009 2599 1236 2661 notificandum
1274 2599 1428 2662 duximus

109 2689 270 2751 omnibus
291 2694 354 2750 tarn
376 2691 531 2771 presentis
551 2692 601 2751 evi
622 2691 804 2754 bourinibus
826 2711 921 2774 qnam
943 2691 1058 2778 fatuari,
1088 2689 1126 2752 ad
1154 2709 1291 2772 quornm
1313 2709 1429 2752 manns

110 2779 299 2860 pervenerit
328 2797 458 2861 presens
490 2781 655 2860 scriptum,
683 2782 768 2863 quod
796 2781 891 2844 frater
920 2779 1086 2842 Conradus
1122 2787 1228 2842 noster
1256 2799 1429 2842 conversus

106 2870 222 2933 dictus
245 2869 284 2930 de
307 2867 516 2951 Vlenringe'n‚‚
542 2871 617 2932 durn
648 2871 752 2933 adhuc
778 2891 850 2933 curm
878 2871 951 2934 filiis
972 2871 1077 2934 fratris
1099 2873 1165 2950 sui,
1196 2869 1289 2934 Petro
1311 2872 1429 2934 scilicet

106 2967 137 3021 et
166 2959 337 3036 Conrad0‚
377 2959 536 3042 quandam
575 2960 754 3023 hereditatis
785 2961 1025 3042 porciunculam
1057 2963 1221 3024 sortiretur
1252 2961 1429 3041 indivisam,

105 3059 189 3114 tunc
225 3050 270 3112 hii
300 3055 362 3111 tres
389 3050 447 3112 viri
478 3052 687 3132 prenominati
716 3051 822 3114 eodem
854 3051 1034 3114 devocionis
1056 3053 1166 3114 ardore
1187 3052 1354 3114 salubriter
1376 3051 1426 3112 ad·
1499 3079 1502 3091 ν

103 3141 206 3222 igniti
233 3139 394 3220 doumque
421 3139 481 3201 sibi
504 3140 569 3202 fore
591 3143 766 3225 propicium
789 3141 982 3205 confidentes
1004 3145 1037 3204 in
1056 3142 1191 3205 salutem
1209 3151 1239 3204 et
1253 3142 1427 3204 remedium

100 3233 298 3292 animarum
330 3231 473 3292 omnium
505 3233 741 3312 progenitorum
770 3253 901 3294 suorum
929 3233 1114 3296 obtulerunt
1139 3233 1236 3294 libera
1256 3233 1429 3294 donacione

98 3322 141 3383 ad
179 3319 285 3402 pedes
317 3321 424 3382 divine
450 3323 621 3383 maiestatis
650 3323 688 3384 de
714 3323 820 3386 fructu
850 3325 1030 3385 communis
1058 3323 1237 3404 patrimonii
1269 3322 1428 3403 quandam

98 3413 240 3474 curiam
262 3412 302 3496 irq
319 3411 394 3473 villa
415 3410 599 3496 Flemingen
619 3419 649 3475 et
671 3419 814 3495 quartum
843 3419 963 3494 partem
990 3415 1087 3474 iirrius
1109 3413 1211 3474 mansi
1233 3413 1325 3474 sitam
1348 3429 1429 3492 eque

94 3505 130 3565 in
175 3515 267 3585 pago
299 3501 440 3564 eiusdem
471 3502 556 3582 ville,
587 3522 649 3585 que
681 3505 769 3566 ouria
801 3522 873 3564 curn
897 3505 981 3584 agris
1011 3502 1105 3566 solvit
1125 3501 1429 3583 Noenburgonsium

95 3593 323 3655 denariorum
354 3592 497 3674 quinque
526 3594 642 3656 solidos
671 3594 845 3656 annuatim¹
888 3593 971 3656 Sane
1000 3599 1033 3656 ut
1061 3601 1092 3656 et
1120 3594 1170 3654 hio
1193 3594 1336 3675 quinque
1357 3593 1429 3654 soli-

91 3685 230 3746 dorum
255 3701 369 3744 census
394 3683 554 3766 usquead
577 3685 785 3746 novissimum
809 3683 1016 3764 quadrantem
1039 3683 1174 3746 totaliter·
1195 3685 1226 3744 in
1245 3683 1427 3744 alimaniam

91 3787 124 3838 et
160 3773 413 3854 vegetacionem
443 3774 510 3836 suis
540 3774 793 3856 progenitoribus
821 3781 1069 3853 converteretur,
1100 3780 1278 3836 statuerunt
1300 3774 1342 3834 hii
1366 3781 1428 3835 tres

86 3867 160 3927 uiri
194 3863 314 3944 sepius
338 3865 507 3943 nominati,
538 3866 656 3928 scilicet
685 3865 849 3928 Conradus
878 3874 984 3926 noster
1010 3883 1182 3928 conversus
1215 3883 1272 3925 nec
1300 3883 1365 3925 non
1397 3871 1428 3926 et

87 3957 161 4018 duo
203 3952 271 4014 filii
303 3953 408 4015 fratris
438 3955 580 4018 eiusdem
612 3955 762 4034 cunradi,
790 3955 908 4016 ‘Petrus
937 3955 1079 4026 uidelicet
1111 3964 1142 4017 et
1173 3953 1351 4033 Conradus,
1386 3965 1427 4034 ut,
1454 3957 1457 3964 ’

84 4049 316 4130 quicumque
339 4046 478 4108 rusticus
500 4046 649 4128 prefatam
673 4048 793 4108 curnam
816 4053 846 4108 et
870 4065 961 4126 agros
988 4046 1136 4108 radendos
1158 4047 1323 4126 acciperet,
1354 4046 1427 4108 dare

83 4137 223 4200 debeat
251 4135 414 4196 annuatim
437 4137 470 4197 in
494 4138 543 4198 die
567 4136 787 4198 beatiAndree
808 4135 939 4218 apastoli
962 4137 1041 4198 duos
1066 4134 1427 4216 solidosNucnburgen-

80 4231 183 4292 sium
226 4221 435 4287 denariorum
467 4227 594 4288 domino
616 4227 747 4310 plebano
774 4229 807 4288 in
829 4245 924 4307 supra
943 4227 1026 4288 dilata
1050 4227 1124 4288 villa
1145 4226 1346 4307 Flemingen,
1371 4227 1426 4307 qui

80 4317 274 4401 plebanus
300 4331 337 4374 eo
366 4315 561 4378 conductus³
588 4320 691 4398 precio
722 4317 859 4397 singulis
887 4317 1050 4379 mensibus
1081 4337 1177 4378 unam
1212 4318 1340 4378 larissam
1372 4337 1426 4399 pro

77 4403 276 4474 defunctis
310 4405 513 4486 parentibusb
541 4409 656 4470 triumn
683 4427 889 4491 personarum
926 4408 1136 4490 predictarum
1169 4407 1319 4468 devocius
1347 4407 1426 4468 cele-

79 4499 209 4562 brabit
254 4500 349 4576 atque
380 4497 413 4557 in
447 4497 596 4559 omnibus
627 4497 867 4560 solennitatibus
894 4498 1030 4578 gloriose
1063 4498 1194 4578 uirginis
1226 4495 1322 4558 llario
1355 4505 1427 4558 ante

75 4603 262 4656 prensam
284 4601 375 4674 suam
398 4585 515 4650 reficiet
538 4608 639 4652 uuum
661 4608 839 4672 pauperem,
861 4592 912 4650 oui
931 4589 1062 4671 pauperi
1083 4589 1197 4650 refecto
1213 4590 1312 4650 colam
1326 4608 1426 4651 unum

1171 4685 1223 4740 25*
