<?xml version="1.0" encoding="UTF-8"?>
<!DOCTYPE html PUBLIC "-//W3C//DTD XHTML 1.0 Transitional//EN"
    "http://www.w3.org/TR/xhtml1/DTD/xhtml1-transitional.dtd">
<html xmlns="http://www.w3.org/1999/xhtml" xml:lang="en" lang="en">
 <head>
  <title>
</title>
<meta http-equiv="Content-Type" content="text/html;charset=utf-8" />
  <meta name='ocr-system' content='tesseract 3.04.00' />
  <meta name='ocr-capabilities' content='ocr_page ocr_carea ocr_par ocr_line ocrx_word'/>
</head>
<body>
  <div class='ocr_page' id='page_1' title='image "./urkundenbuchdes00pforgoog_0278.png"; bbox 0 0 3390 5148; ppageno 0'>
   <div class='ocr_carea' id='block_1_1' title="bbox 319 361 1257 426">
    <p class='ocr_par' dir='ltr' id='par_1_1' title="bbox 319 361 1257 426">
     <span class='ocr_line' id='line_1_1' title="bbox 319 361 1257 426; baseline 0.004 -4"><span class='ocrx_word' id='word_1_1' title='bbox 319 367 372 422; x_wconf 73' lang='lat'>242</span> <span class='ocrx_word' id='word_1_2' title='bbox 697 361 928 424; x_wconf 77' lang='lat' dir='ltr'>Urkundenbuch</span> <span class='ocrx_word' id='word_1_3' title='bbox 945 367 994 426; x_wconf 84' lang='lat' dir='ltr'>des</span> <span class='ocrx_word' id='word_1_4' title='bbox 1011 367 1138 426; x_wconf 79' lang='lat' dir='ltr'>Issosters</span> <span class='ocrx_word' id='word_1_5' title='bbox 1155 369 1257 426; x_wconf 79' lang='lat' dir='ltr'>Plorte.</span> 
     </span>
    </p>
   </div>
   <div class='ocr_carea' id='block_1_2' title="bbox 319 469 1681 696">
    <p class='ocr_par' dir='ltr' id='par_1_2' title="bbox 319 469 1681 696">
     <span class='ocr_line' id='line_1_2' title="bbox 321 469 1681 606; baseline 0.001 -25"><span class='ocrx_word' id='word_1_6' title='bbox 321 516 457 598; x_wconf 87' lang='lat' dir='ltr'>doricus]</span> <span class='ocrx_word' id='word_1_7' title='bbox 487 501 526 584; x_wconf 90' lang='lat' dir='ltr'>de</span> <span class='ocrx_word' id='word_1_8' title='bbox 553 518 669 582; x_wconf 86' lang='lat' dir='ltr'>Leston</span> <span class='ocrx_word' id='word_1_9' title='bbox 697 520 828 599; x_wconf 84' lang='lat' dir='ltr'>milites,</span> <span class='ocrx_word' id='word_1_10' title='bbox 855 519 992 584; x_wconf 85' lang='lat' dir='ltr'>Mathias</span> <span class='ocrx_word' id='word_1_11' title='bbox 1023 521 1178 604; x_wconf 87' lang='lat' dir='ltr'>plebanus</span> <span class='ocrx_word' id='word_1_12' title='bbox 1209 522 1249 586; x_wconf 90' lang='lat' dir='ltr'>de</span> <span class='ocrx_word' id='word_1_13' title='bbox 1279 521 1502 606; x_wconf 68' lang='lat' dir='ltr'>uugehusenr,</span> <span class='ocrx_word' id='word_1_14' title='bbox 1532 522 1606 588; x_wconf 87' lang='lat' dir='ltr'>Ditlr-</span> <span class='ocrx_word' id='word_1_15' title='bbox 1679 469 1681 534; x_wconf 40' lang='lat' dir='ltr'>l</span> 
     </span>
     <span class='ocr_line' id='line_1_3' title="bbox 319 607 1574 696; baseline -0.002 -25"><span class='ocrx_word' id='word_1_16' title='bbox 319 608 447 671; x_wconf 74' lang='lat' dir='ltr'>marusd</span> <span class='ocrx_word' id='word_1_17' title='bbox 468 607 598 692; x_wconf 85' lang='lat' dir='ltr'>Longus</span> <span class='ocrx_word' id='word_1_18' title='bbox 615 612 647 673; x_wconf 91' lang='lat' dir='ltr'>et</span> <span class='ocrx_word' id='word_1_19' title='bbox 657 608 842 674; x_wconf 84' lang='lat' dir='ltr'>Dithmarus</span> <span class='ocrx_word' id='word_1_20' title='bbox 857 609 945 674; x_wconf 86' lang='lat' dir='ltr'>filius</span> <span class='ocrx_word' id='word_1_21' title='bbox 965 611 1034 674; x_wconf 88' lang='lat' dir='ltr'>eius</span> <span class='ocrx_word' id='word_1_22' title='bbox 1055 610 1199 675; x_wconf 86' lang='lat' dir='ltr'>deSulze</span> <span class='ocrx_word' id='word_1_23' title='bbox 1221 616 1253 674; x_wconf 91' lang='lat' dir='ltr'>et</span> <span class='ocrx_word' id='word_1_24' title='bbox 1274 611 1328 675; x_wconf 86' lang='lat' dir='ltr'>alii</span> <span class='ocrx_word' id='word_1_25' title='bbox 1350 631 1445 694; x_wconf 88' lang='lat' dir='ltr'>quam</span> <span class='ocrx_word' id='word_1_26' title='bbox 1467 613 1574 696; x_wconf 75' lang='lat' dir='ltr'>plures,</span> 
     </span>
    </p>
   </div>
   <div class='ocr_carea' id='block_1_3' title="bbox 321 715 1609 888">
    <p class='ocr_par' dir='ltr' id='par_1_3' title="bbox 321 715 1609 888">
     <span class='ocr_line' id='line_1_4' title="bbox 390 715 1609 797; baseline 0.002 -20"><span class='ocrx_word' id='word_1_27' title='bbox 390 724 401 752; x_wconf 77' lang='lat'>²</span> <span class='ocrx_word' id='word_1_28' title='bbox 430 739 494 778; x_wconf 89' lang='lat' dir='ltr'>cum</span> <span class='ocrx_word' id='word_1_29' title='bbox 519 728 643 794; x_wconf 87' lang='lat' dir='ltr'>tempore</span> <span class='ocrx_word' id='word_1_30' title='bbox 668 723 802 778; x_wconf 84' lang='lat' dir='ltr'>labuntur</span> <span class='ocrx_word' id='word_1_31' title='bbox 835 725 859 778; x_wconf 88' lang='grc' dir='ltr'><em>Τ</em></span> <span class='ocrx_word' id='word_1_32' title='bbox 935 715 948 752; x_wconf 73' lang='lat'>¹²</span> <span class='ocrx_word' id='word_1_33' title='bbox 977 724 1038 778; x_wconf 80' lang='lat' dir='ltr'>fieri</span> <span class='ocrx_word' id='word_1_34' title='bbox 1064 725 1151 796; x_wconf 81' lang='lat' dir='ltr'>possit</span> <span class='ocrx_word' id='word_1_35' title='bbox 1183 724 1208 778; x_wconf 82' lang='grc' dir='ltr'><em>Τ</em></span> <span class='ocrx_word' id='word_1_36' title='bbox 1289 727 1300 753; x_wconf 77' lang='lat'>⁰</span> <span class='ocrx_word' id='word_1_37' title='bbox 1330 726 1358 780; x_wconf 89' lang='lat' dir='ltr'>iu</span> <span class='ocrx_word' id='word_1_38' title='bbox 1384 725 1562 797; x_wconf 74' lang='lat' dir='ltr'>Rogehaueen</span> <span class='ocrx_word' id='word_1_39' title='bbox 1591 727 1609 780; x_wconf 83' lang='grc' dir='ltr'><em>Τ</em></span> 
     </span>
     <span class='ocr_line' id='line_1_5' title="bbox 321 793 573 888; baseline -0.004 -31"><span class='ocrx_word' id='word_1_40' title='bbox 321 793 525 888; x_wconf 61' lang='lat' dir='ltr'>‘dinumeras</span> <span class='ocrx_word' id='word_1_41' title='bbox 543 802 573 857; x_wconf 91' lang='lat' dir='ltr'><strong><em>D</em></strong></span> 
     </span>
    </p>
   </div>
   <div class='ocr_carea' id='block_1_4' title="bbox 321 961 1597 1047">
    <p class='ocr_par' dir='ltr' id='par_1_4' title="bbox 321 961 1597 1047">
     <span class='ocr_line' id='line_1_6' title="bbox 321 961 1597 1047; baseline 0.002 -3"><span class='ocrx_word' id='word_1_42' title='bbox 321 961 429 1047; x_wconf 79' lang='grc'><strong>1272.</strong></span> <span class='ocrx_word' id='word_1_43' title='bbox 1532 962 1597 1047; x_wconf 77' lang='lat'>235</span> 
     </span>
    </p>
   </div>
   <div class='ocr_carea' id='block_1_5' title="bbox 356 1081 1609 1506">
    <p class='ocr_par' dir='ltr' id='par_1_5' title="bbox 356 1081 1609 1506">
     <span class='ocr_line' id='line_1_7' title="bbox 400 1081 1608 1164; baseline -0.002 -16"><span class='ocrx_word' id='word_1_44' title='bbox 400 1081 529 1148; x_wconf 81' lang='lat' dir='ltr'>Ditmar</span> <span class='ocrx_word' id='word_1_45' title='bbox 560 1084 623 1147; x_wconf 71' lang='lat' dir='ltr'>Aoi</span> <span class='ocrx_word' id='word_1_46' title='bbox 652 1103 711 1147; x_wconf 79' lang='lat' dir='ltr'>von</span> <span class='ocrx_word' id='word_1_47' title='bbox 740 1081 940 1148; x_wconf 78' lang='lat' dir='ltr'>Wallrcnriad</span> <span class='ocrx_word' id='word_1_48' title='bbox 969 1083 1039 1146; x_wconf 81' lang='lat' dir='ltr'>und</span> <span class='ocrx_word' id='word_1_49' title='bbox 1069 1081 1233 1147; x_wconf 79' lang='lat' dir='ltr'>Rcinbard</span> <span class='ocrx_word' id='word_1_50' title='bbox 1260 1084 1324 1147; x_wconf 76' lang='lat' dir='ltr'>Abi</span> <span class='ocrx_word' id='word_1_51' title='bbox 1354 1103 1414 1148; x_wconf 82' lang='lat' dir='ltr'>von</span> <span class='ocrx_word' id='word_1_52' title='bbox 1442 1085 1547 1164; x_wconf 74' lang='lat' dir='ltr'>Psortc</span> <span class='ocrx_word' id='word_1_53' title='bbox 1571 1085 1608 1146; x_wconf 75' lang='lat' dir='ltr'>be</span> 
     </span>
     <span class='ocr_line' id='line_1_8' title="bbox 359 1171 1608 1254; baseline -0.002 -18"><span class='ocrx_word' id='word_1_54' title='bbox 359 1173 492 1253; x_wconf 73' lang='lat' dir='ltr'>sidtipen</span> <span class='ocrx_word' id='word_1_55' title='bbox 511 1171 562 1235; x_wconf 81' lang='lat' dir='ltr'>dic</span> <span class='ocrx_word' id='word_1_56' title='bbox 582 1173 775 1253; x_wconf 61' lang='lat' dir='ltr'>meatum</span> <span class='ocrx_word' id='word_1_57' title='bbox 795 1193 854 1238; x_wconf 84' lang='lat' dir='ltr'>von</span> <span class='ocrx_word' id='word_1_58' title='bbox 875 1173 973 1236; x_wconf 75' lang='lat' dir='ltr'>ciuem</span> <span class='ocrx_word' id='word_1_59' title='bbox 991 1173 1167 1253; x_wconf 74' lang='lat' dir='ltr'>Weiuberqe</span> <span class='ocrx_word' id='word_1_60' title='bbox 1185 1174 1255 1236; x_wconf 80' lang='lat' dir='ltr'>und</span> <span class='ocrx_word' id='word_1_61' title='bbox 1279 1171 1421 1254; x_wconf 79' lang='lat' dir='ltr'>6Hufcn</span> <span class='ocrx_word' id='word_1_62' title='bbox 1435 1193 1478 1236; x_wconf 74' lang='lat' dir='ltr'>ru</span> <span class='ocrx_word' id='word_1_63' title='bbox 1489 1171 1608 1237; x_wconf 83' lang='lat' dir='ltr'>Damrlc</span> 
     </span>
     <span class='ocr_line' id='line_1_9' title="bbox 358 1259 1607 1344; baseline -0.003 -16"><span class='ocrx_word' id='word_1_64' title='bbox 358 1261 458 1328; x_wconf 74' lang='lat' dir='ltr'>durch</span> <span class='ocrx_word' id='word_1_65' title='bbox 484 1263 543 1326; x_wconf 83' lang='lat' dir='ltr'>den</span> <span class='ocrx_word' id='word_1_66' title='bbox 571 1259 759 1344; x_wconf 77' lang='lat' dir='ltr'>Hofmeista·</span> <span class='ocrx_word' id='word_1_67' title='bbox 784 1264 838 1326; x_wconf 82' lang='lat' dir='ltr'>des</span> <span class='ocrx_word' id='word_1_68' title='bbox 862 1261 1006 1328; x_wconf 81' lang='lat' dir='ltr'>Klostcrs</span> <span class='ocrx_word' id='word_1_69' title='bbox 1030 1263 1136 1344; x_wconf 80' lang='lat' dir='ltr'>Psorte</span> <span class='ocrx_word' id='word_1_70' title='bbox 1161 1264 1196 1326; x_wconf 78' lang='lat' dir='ltr'>ic</span> <span class='ocrx_word' id='word_1_71' title='bbox 1221 1263 1388 1326; x_wconf 77' lang='lat' dir='ltr'>Genrstedt</span> <span class='ocrx_word' id='word_1_72' title='bbox 1416 1263 1486 1326; x_wconf 79' lang='lat' dir='ltr'>und</span> <span class='ocrx_word' id='word_1_73' title='bbox 1513 1263 1607 1342; x_wconf 77' lang='lat' dir='ltr'>treffen</span> 
     </span>
     <span class='ocr_line' id='line_1_10' title="bbox 359 1351 1609 1434; baseline -0.002 -18"><span class='ocrx_word' id='word_1_74' title='bbox 359 1352 561 1433; x_wconf 75' lang='lat' dir='ltr'>Ancrdnunp</span> <span class='ocrx_word' id='word_1_75' title='bbox 594 1353 669 1416; x_wconf 78' lang='lat' dir='ltr'>iiber</span> <span class='ocrx_word' id='word_1_76' title='bbox 705 1353 756 1416; x_wconf 86' lang='lat' dir='ltr'>die</span> <span class='ocrx_word' id='word_1_77' title='bbox 783 1353 997 1433; x_wconf 78' lang='lat' dir='ltr'>Verwenducp</span> <span class='ocrx_word' id='word_1_78' title='bbox 1032 1353 1086 1416; x_wconf 80' lang='lat' dir='ltr'>des</span> <span class='ocrx_word' id='word_1_79' title='bbox 1113 1352 1262 1432; x_wconf 78' lang='lat' dir='ltr'>Ertrcpcs</span> <span class='ocrx_word' id='word_1_80' title='bbox 1293 1373 1353 1417; x_wconf 73' lang='lat' dir='ltr'>zur</span> <span class='ocrx_word' id='word_1_81' title='bbox 1384 1351 1537 1434; x_wconf 72' lang='lat' dir='ltr'>Speisunp</span> <span class='ocrx_word' id='word_1_82' title='bbox 1566 1353 1609 1414; x_wconf 81' lang='lat' dir='ltr'>des</span> 
     </span>
     <span class='ocr_line' id='line_1_11' title="bbox 356 1439 521 1506; baseline 0 0"><span class='ocrx_word' id='word_1_83' title='bbox 356 1439 521 1506; x_wconf 81' lang='lat' dir='ltr'>Konccnts.</span> 
     </span>
    </p>
   </div>
   <div class='ocr_carea' id='block_1_6' title="bbox 465 1552 1608 1732">
    <p class='ocr_par' dir='ltr' id='par_1_6' title="bbox 465 1552 1608 1732">
     <span class='ocr_line' id='line_1_12' title="bbox 467 1552 970 1628; baseline 0.006 -16"><span class='ocrx_word' id='word_1_84' title='bbox 467 1558 601 1616; x_wconf 80' lang='lat' dir='ltr'>Hdecbr,.·</span> <span class='ocrx_word' id='word_1_85' title='bbox 619 1558 650 1612; x_wconf 91' lang='lat' dir='ltr'><em>D</em></span> <span class='ocrx_word' id='word_1_86' title='bbox 666 1552 722 1614; x_wconf 77' lang='grc' dir='ltr'>29ῐι</span> <span class='ocrx_word' id='word_1_87' title='bbox 739 1560 791 1627; x_wconf 74' lang='lat' dir='ltr'>(tir.</span> <span class='ocrx_word' id='word_1_88' title='bbox 805 1561 970 1628; x_wconf 84' lang='lat' dir='ltr'>Gernstete).</span> 
     </span>
     <span class='ocr_line' id='line_1_13' title="bbox 465 1661 1608 1732; baseline -0.001 -15"><span class='ocrx_word' id='word_1_89' title='bbox 465 1661 868 1730; x_wconf 72' lang='lat' dir='ltr'>Druck:Dmceu:Wotff11,</span> <span class='ocrx_word' id='word_1_90' title='bbox 884 1666 942 1722; x_wconf 75' lang='lat' dir='ltr'>zer,</span> <span class='ocrx_word' id='word_1_91' title='bbox 969 1662 1023 1732; x_wconf 66' lang='lat' dir='ltr'>vu.</span> <span class='ocrx_word' id='word_1_92' title='bbox 1037 1663 1187 1732; x_wconf 64' lang='lat' dir='ltr'>reruni,</span> <span class='ocrx_word' id='word_1_93' title='bbox 1203 1668 1261 1721; x_wconf 85' lang='lat'><strong><em>115.</em></strong></span> <span class='ocrx_word' id='word_1_94' title='bbox 1280 1663 1534 1719; x_wconf 15' lang='lat' dir='ltr'>emetur-anama</span> <span class='ocrx_word' id='word_1_95' title='bbox 1542 1663 1564 1731; x_wconf 84' lang='lat'>1,</span> <span class='ocrx_word' id='word_1_96' title='bbox 1574 1667 1608 1717; x_wconf 75' lang='lat' dir='ltr'>rr.</span> 
     </span>
    </p>
   </div>
   <div class='ocr_carea' id='block_1_7' title="bbox 312 1767 1681 3805">
    <p class='ocr_par' dir='ltr' id='par_1_7' title="bbox 312 1767 1681 3837">
     <span class='ocr_line' id='line_1_14' title="bbox 396 1767 1610 1852; baseline -0.002 -20"><span class='ocrx_word' id='word_1_97' title='bbox 396 1769 463 1833; x_wconf 87' lang='lat' dir='ltr'>Nos</span> <span class='ocrx_word' id='word_1_98' title='bbox 491 1770 620 1846; x_wconf 72' lang='lat' dir='ltr'>fratres,</span> <span class='ocrx_word' id='word_1_99' title='bbox 651 1768 727 1831; x_wconf 88' lang='lat' dir='ltr'>dicti</span> <span class='ocrx_word' id='word_1_100' title='bbox 756 1768 886 1831; x_wconf 80' lang='lat' dir='ltr'>abbates</span> <span class='ocrx_word' id='word_1_101' title='bbox 915 1767 1112 1851; x_wconf 83' lang='lat' dir='ltr'>Dythmarus</span> <span class='ocrx_word' id='word_1_102' title='bbox 1139 1771 1178 1834; x_wconf 92' lang='lat' dir='ltr'>de</span> <span class='ocrx_word' id='word_1_103' title='bbox 1205 1769 1433 1852; x_wconf 71' lang='lat' dir='ltr'>Walldenride]</span> <span class='ocrx_word' id='word_1_104' title='bbox 1464 1777 1495 1834; x_wconf 89' lang='lat' dir='ltr'>et</span> <span class='ocrx_word' id='word_1_105' title='bbox 1524 1770 1610 1835; x_wconf 86' lang='lat' dir='ltr'>Reiu-</span> 
     </span>
     <span class='ocr_line' id='line_1_15' title="bbox 316 1858 1610 1943; baseline -0.001 -22"><span class='ocrx_word' id='word_1_106' title='bbox 316 1860 435 1922; x_wconf 87' lang='lat' dir='ltr'>hardus</span> <span class='ocrx_word' id='word_1_107' title='bbox 456 1859 495 1921; x_wconf 82' lang='lat' dir='ltr'>‹le</span> <span class='ocrx_word' id='word_1_108' title='bbox 515 1858 618 1936; x_wconf 74' lang='lat' dir='ltr'>Porta,</span> <span class='ocrx_word' id='word_1_109' title='bbox 641 1858 799 1920; x_wconf 85' lang='lat' dir='ltr'>universis</span> <span class='ocrx_word' id='word_1_110' title='bbox 819 1877 951 1941; x_wconf 82' lang='lat' dir='ltr'>presens</span> <span class='ocrx_word' id='word_1_111' title='bbox 973 1860 1126 1943; x_wconf 89' lang='lat' dir='ltr'>scriptum</span> <span class='ocrx_word' id='word_1_112' title='bbox 1147 1861 1264 1923; x_wconf 86' lang='lat' dir='ltr'>visuris</span> <span class='ocrx_word' id='word_1_113' title='bbox 1287 1861 1514 1942; x_wconf 80' lang='lat' dir='ltr'>significamus,</span> <span class='ocrx_word' id='word_1_114' title='bbox 1535 1859 1610 1942; x_wconf 87' lang='lat' dir='ltr'>quod</span> 
     </span>
     <span class='ocr_line' id='line_1_16' title="bbox 315 1947 1611 2033; baseline 0 -23"><span class='ocrx_word' id='word_1_115' title='bbox 315 1968 372 2012; x_wconf 88' lang='lat' dir='ltr'>nos</span> <span class='ocrx_word' id='word_1_116' title='bbox 409 1949 470 2031; x_wconf 90' lang='lat' dir='ltr'>piis</span> <span class='ocrx_word' id='word_1_117' title='bbox 504 1947 717 2031; x_wconf 80' lang='lat' dir='ltr'>peticionibus</span> <span class='ocrx_word' id='word_1_118' title='bbox 746 1947 852 2011; x_wconf 78' lang='lat' dir='ltr'>tranis</span> <span class='ocrx_word' id='word_1_119' title='bbox 879 1948 1032 2012; x_wconf 85' lang='lat' dir='ltr'>Iohannis</span> <span class='ocrx_word' id='word_1_120' title='bbox 1067 1950 1240 2033; x_wconf 85' lang='lat' dir='ltr'>provisoris</span> <span class='ocrx_word' id='word_1_121' title='bbox 1274 1951 1363 2013; x_wconf 82' lang='lat' dir='ltr'>cun‘e</span> <span class='ocrx_word' id='word_1_122' title='bbox 1394 1950 1427 2012; x_wconf 91' lang='lat' dir='ltr'>in</span> <span class='ocrx_word' id='word_1_123' title='bbox 1456 1949 1611 2014; x_wconf 80' lang='lat' dir='ltr'>Gernstete</span> 
     </span>
     <span class='ocr_line' id='line_1_17' title="bbox 315 2036 1611 2123; baseline -0.002 -22"><span class='ocrx_word' id='word_1_124' title='bbox 315 2039 457 2101; x_wconf 86' lang='lat' dir='ltr'>inclinati</span> <span class='ocrx_word' id='word_1_125' title='bbox 480 2039 605 2100; x_wconf 88' lang='lat' dir='ltr'>vineam</span> <span class='ocrx_word' id='word_1_126' title='bbox 628 2036 787 2118; x_wconf 84' lang='lat' dir='ltr'>quandam</span> <span class='ocrx_word' id='word_1_127' title='bbox 810 2044 842 2102; x_wconf 88' lang='lat' dir='ltr'>et</span> <span class='ocrx_word' id='word_1_128' title='bbox 863 2057 920 2102; x_wconf 81' lang='lat' dir='ltr'>sex</span> <span class='ocrx_word' id='word_1_129' title='bbox 942 2059 1069 2102; x_wconf 85' lang='lat' dir='ltr'>mansos</span> <span class='ocrx_word' id='word_1_130' title='bbox 1098 2039 1174 2102; x_wconf 91' lang='lat' dir='ltr'>sitos</span> <span class='ocrx_word' id='word_1_131' title='bbox 1195 2041 1330 2123; x_wconf 80' lang='lat' dir='ltr'>inpage</span> <span class='ocrx_word' id='word_1_132' title='bbox 1352 2036 1436 2118; x_wconf 79' lang='lat' dir='ltr'>ville,</span> <span class='ocrx_word' id='word_1_133' title='bbox 1459 2059 1520 2121; x_wconf 90' lang='lat' dir='ltr'>que</span> <span class='ocrx_word' id='word_1_134' title='bbox 1540 2039 1611 2102; x_wconf 87' lang='lat' dir='ltr'>anti-</span> 
     </span>
     <span class='ocr_line' id='line_1_18' title="bbox 315 2125 1611 2213; baseline -0.002 -23"><span class='ocrx_word' id='word_1_135' title='bbox 315 2129 423 2210; x_wconf 90' lang='lat' dir='ltr'>quitus</span> <span class='ocrx_word' id='word_1_136' title='bbox 444 2125 575 2190; x_wconf 85' lang='lat' dir='ltr'>Damsla</span> <span class='ocrx_word' id='word_1_137' title='bbox 596 2126 768 2206; x_wconf 73' lang='lat' dir='ltr'>dicebatur,</span> <span class='ocrx_word' id='word_1_138' title='bbox 791 2146 871 2208; x_wconf 90' lang='lat' dir='ltr'>quos</span> <span class='ocrx_word' id='word_1_139' title='bbox 890 2128 976 2191; x_wconf 91' lang='lat' dir='ltr'>idem</span> <span class='ocrx_word' id='word_1_140' title='bbox 998 2149 1055 2192; x_wconf 85' lang='lat' dir='ltr'>sua</span> <span class='ocrx_word' id='word_1_141' title='bbox 1075 2128 1276 2213; x_wconf 86' lang='lat' dir='ltr'>providentia</span> <span class='ocrx_word' id='word_1_142' title='bbox 1297 2131 1493 2213; x_wconf 85' lang='lat' dir='ltr'>comparavit</span> <span class='ocrx_word' id='word_1_143' title='bbox 1510 2129 1611 2192; x_wconf 87' lang='lat' dir='ltr'>volens</span> 
     </span>
     <span class='ocr_line' id='line_1_19' title="bbox 315 2215 1681 2295; baseline -0.001 -16"><span class='ocrx_word' id='word_1_144' title='bbox 315 2217 354 2280; x_wconf 88' lang='lat' dir='ltr'>de</span> <span class='ocrx_word' id='word_1_145' title='bbox 376 2218 422 2280; x_wconf 89' lang='lat' dir='ltr'>eis</span> <span class='ocrx_word' id='word_1_146' title='bbox 443 2217 615 2279; x_wconf 87' lang='lat' dir='ltr'>conventui</span> <span class='ocrx_word' id='word_1_147' title='bbox 637 2215 783 2279; x_wconf 86' lang='lat' dir='ltr'>Portensi</span> <span class='ocrx_word' id='word_1_148' title='bbox 804 2215 1001 2295; x_wconf 72' lang='lat' dir='ltr'>benefacere,</span> <span class='ocrx_word' id='word_1_149' title='bbox 1020 2219 1216 2282; x_wconf 73' lang='lat' dir='ltr'>catificantes</span> <span class='ocrx_word' id='word_1_150' title='bbox 1236 2219 1359 2282; x_wconf 83' lang='lat' dir='ltr'>factum</span> <span class='ocrx_word' id='word_1_151' title='bbox 1380 2217 1611 2283; x_wconf 87' lang='lat' dir='ltr'>huiuscemodi</span> <span class='ocrx_word' id='word_1_152' title='bbox 1680 2247 1681 2292; x_wconf 59' lang='lat' dir='ltr'>f</span> 
     </span>
     <span class='ocr_line' id='line_1_20' title="bbox 313 2304 1681 2392; baseline -0.001 -24"><span class='ocrx_word' id='word_1_153' title='bbox 313 2305 354 2368; x_wconf 87' lang='lat' dir='ltr'>ad</span> <span class='ocrx_word' id='word_1_154' title='bbox 382 2325 476 2368; x_wconf 90' lang='lat' dir='ltr'>usum</span> <span class='ocrx_word' id='word_1_155' title='bbox 505 2311 537 2368; x_wconf 87' lang='lat' dir='ltr'>et</span> <span class='ocrx_word' id='word_1_156' title='bbox 563 2304 812 2368; x_wconf 77' lang='lat' dir='ltr'>consolationem</span> <span class='ocrx_word' id='word_1_157' title='bbox 840 2306 916 2368; x_wconf 89' lang='lat' dir='ltr'>dicti</span> <span class='ocrx_word' id='word_1_158' title='bbox 943 2315 1133 2386; x_wconf 72' lang='lat' dir='ltr'>conventus,</span> <span class='ocrx_word' id='word_1_159' title='bbox 1161 2314 1285 2371; x_wconf 86' lang='lat' dir='ltr'>maturo</span> <span class='ocrx_word' id='word_1_160' title='bbox 1312 2327 1409 2392; x_wconf 92' lang='lat' dir='ltr'>super</span> <span class='ocrx_word' id='word_1_161' title='bbox 1433 2307 1493 2370; x_wconf 92' lang='lat' dir='ltr'>hoc</span> <span class='ocrx_word' id='word_1_162' title='bbox 1514 2307 1612 2370; x_wconf 86' lang='lat' dir='ltr'>habito</span> <span class='ocrx_word' id='word_1_163' title='bbox 1680 2313 1681 2334; x_wconf 76' lang='lat'><em>³</em></span> 
     </span>
     <span class='ocr_line' id='line_1_21' title="bbox 313 2395 1612 2479; baseline 0.002 -22"><span class='ocrx_word' id='word_1_164' title='bbox 313 2395 454 2475; x_wconf 73' lang='lat' dir='ltr'>consilio,</span> <span class='ocrx_word' id='word_1_165' title='bbox 477 2395 701 2478; x_wconf 77' lang='lat' dir='ltr'>deputavimus</span> <span class='ocrx_word' id='word_1_166' title='bbox 722 2395 755 2456; x_wconf 92' lang='lat' dir='ltr'>in</span> <span class='ocrx_word' id='word_1_167' title='bbox 777 2395 863 2458; x_wconf 89' lang='lat' dir='ltr'>hunc</span> <span class='ocrx_word' id='word_1_168' title='bbox 884 2395 1024 2474; x_wconf 76' lang='lat' dir='ltr'>modum,</span> <span class='ocrx_word' id='word_1_169' title='bbox 1047 2397 1133 2478; x_wconf 83' lang='lat' dir='ltr'>quod</span> <span class='ocrx_word' id='word_1_170' title='bbox 1154 2399 1305 2479; x_wconf 84' lang='lat' dir='ltr'>magister</span> <span class='ocrx_word' id='word_1_171' title='bbox 1322 2398 1411 2460; x_wconf 85' lang='lat' dir='ltr'>cruie</span> <span class='ocrx_word' id='word_1_172' title='bbox 1433 2404 1506 2461; x_wconf 87' lang='lat' dir='ltr'>ante</span> <span class='ocrx_word' id='word_1_173' title='bbox 1527 2397 1612 2460; x_wconf 81' lang='lat' dir='ltr'>dicto.</span> 
     </span>
     <span class='ocr_line' id='line_1_22' title="bbox 314 2485 1613 2568; baseline -0.002 -21"><span class='ocrx_word' id='word_1_174' title='bbox 314 2486 369 2566; x_wconf 87' lang='lat' dir='ltr'>qui</span> <span class='ocrx_word' id='word_1_175' title='bbox 394 2505 451 2568; x_wconf 92' lang='lat' dir='ltr'>pro</span> <span class='ocrx_word' id='word_1_176' title='bbox 465 2491 617 2567; x_wconf 71' lang='lat' dir='ltr'>&#39;tempore</span> <span class='ocrx_word' id='word_1_177' title='bbox 643 2485 753 2562; x_wconf 76' lang='lat' dir='ltr'>fuerit,</span> <span class='ocrx_word' id='word_1_178' title='bbox 779 2485 872 2548; x_wconf 89' lang='lat' dir='ltr'>armis</span> <span class='ocrx_word' id='word_1_179' title='bbox 896 2486 1030 2568; x_wconf 87' lang='lat' dir='ltr'>singulis</span> <span class='ocrx_word' id='word_1_180' title='bbox 1056 2487 1095 2549; x_wconf 86' lang='lat' dir='ltr'>de</span> <span class='ocrx_word' id='word_1_181' title='bbox 1117 2486 1238 2550; x_wconf 89' lang='lat' dir='ltr'>eisdem</span> <span class='ocrx_word' id='word_1_182' title='bbox 1260 2486 1353 2550; x_wconf 87' lang='lat' dir='ltr'>bonis</span> <span class='ocrx_word' id='word_1_183' title='bbox 1375 2486 1487 2550; x_wconf 79' lang='lat' dir='ltr'>allecia</span> <span class='ocrx_word' id='word_1_184' title='bbox 1508 2486 1613 2550; x_wconf 84' lang='lat' dir='ltr'>diebus</span> 
     </span>
     <span class='ocr_line' id='line_1_23' title="bbox 314 2574 1613 2660; baseline -0.001 -24"><span class='ocrx_word' id='word_1_185' title='bbox 314 2575 488 2657; x_wconf 85' lang='lat' dir='ltr'>singulisa</span> <span class='ocrx_word' id='word_1_186' title='bbox 514 2575 595 2636; x_wconf 79' lang='lat' dir='ltr'>testo</span> <span class='ocrx_word' id='word_1_187' title='bbox 617 2574 700 2637; x_wconf 85' lang='lat' dir='ltr'>beati</span> <span class='ocrx_word' id='word_1_188' title='bbox 723 2574 862 2655; x_wconf 75' lang='lat' dir='ltr'>Martyni</span> <span class='ocrx_word' id='word_1_189' title='bbox 893 2594 995 2655; x_wconf 87' lang='lat' dir='ltr'>nsque</span> <span class='ocrx_word' id='word_1_190' title='bbox 1017 2576 1056 2637; x_wconf 85' lang='lat' dir='ltr'>ed</span> <span class='ocrx_word' id='word_1_191' title='bbox 1080 2576 1354 2658; x_wconf 69' lang='lat' dir='ltr'>spuadregesimam</span> <span class='ocrx_word' id='word_1_192' title='bbox 1376 2581 1482 2660; x_wconf 86' lang='lat' dir='ltr'>preter</span> <span class='ocrx_word' id='word_1_193' title='bbox 1503 2576 1613 2638; x_wconf 86' lang='lat' dir='ltr'>adveu-</span> 
     </span>
     <span class='ocr_line' id='line_1_24' title="bbox 314 2664 1614 2742; baseline -0.003 -14"><span class='ocrx_word' id='word_1_194' title='bbox 314 2673 381 2728; x_wconf 86' lang='lat' dir='ltr'>tum</span> <span class='ocrx_word' id='word_1_195' title='bbox 409 2665 528 2727; x_wconf 88' lang='lat' dir='ltr'>domini</span> <span class='ocrx_word' id='word_1_196' title='bbox 554 2664 884 2742; x_wconf 61' lang='lat' dir='ltr'>amministrandam</span> <span class='ocrx_word' id='word_1_197' title='bbox 910 2665 1135 2729; x_wconf 82' lang='lat' dir='ltr'>subcellerario</span> <span class='ocrx_word' id='word_1_198' title='bbox 1162 2666 1243 2728; x_wconf 85' lang='lat' dir='ltr'>dues</span> <span class='ocrx_word' id='word_1_199' title='bbox 1267 2683 1388 2728; x_wconf 87' lang='lat' dir='ltr'>massas</span> <span class='ocrx_word' id='word_1_200' title='bbox 1416 2665 1457 2728; x_wconf 88' lang='lat' dir='ltr'>ad</span> <span class='ocrx_word' id='word_1_201' title='bbox 1478 2664 1614 2728; x_wconf 85' lang='lat' dir='ltr'>consola-</span> 
     </span>
     <span class='ocr_line' id='line_1_25' title="bbox 314 2753 1614 2838; baseline -0.002 -21"><span class='ocrx_word' id='word_1_202' title='bbox 314 2757 431 2818; x_wconf 88' lang='lat' dir='ltr'>tionem</span> <span class='ocrx_word' id='word_1_203' title='bbox 458 2755 554 2818; x_wconf 88' lang='lat' dir='ltr'>huius</span> <span class='ocrx_word' id='word_1_204' title='bbox 581 2755 665 2816; x_wconf 88' lang='lat' dir='ltr'>modi</span> <span class='ocrx_word' id='word_1_205' title='bbox 692 2755 756 2830; x_wconf 62' lang='lat' dir='ltr'>rel„</span> <span class='ocrx_word' id='word_1_206' title='bbox 778 2755 805 2816; x_wconf 86' lang='lat' dir='ltr'>si</span> <span class='ocrx_word' id='word_1_207' title='bbox 826 2755 898 2836; x_wconf 92' lang='lat' dir='ltr'>plus</span> <span class='ocrx_word' id='word_1_208' title='bbox 921 2755 1063 2835; x_wconf 87' lang='lat' dir='ltr'>utrisque</span> <span class='ocrx_word' id='word_1_209' title='bbox 1084 2756 1247 2838; x_wconf 66' lang='lat' dir='ltr'>placuerit,</span> <span class='ocrx_word' id='word_1_210' title='bbox 1269 2755 1380 2818; x_wconf 90' lang='lat' dir='ltr'>decem</span> <span class='ocrx_word' id='word_1_211' title='bbox 1401 2773 1532 2832; x_wconf 78' lang='lat' dir='ltr'>marcas,</span> <span class='ocrx_word' id='word_1_212' title='bbox 1553 2753 1614 2815; x_wconf 84' lang='lat' dir='ltr'>adi-</span> 
     </span>
     <span class='ocr_line' id='line_1_26' title="bbox 313 2844 1614 2927; baseline -0.002 -20"><span class='ocrx_word' id='word_1_213' title='bbox 313 2847 441 2922; x_wconf 80' lang='lat' dir='ltr'>cientes,</span> <span class='ocrx_word' id='word_1_214' title='bbox 464 2851 506 2922; x_wconf 72' lang='lat' dir='ltr'>ut</span> <span class='ocrx_word' id='word_1_215' title='bbox 527 2845 622 2924; x_wconf 87' lang='lat' dir='ltr'>siqui</span> <span class='ocrx_word' id='word_1_216' title='bbox 644 2863 864 2906; x_wconf 83' lang='lat' dir='ltr'>successorum</span> <span class='ocrx_word' id='word_1_217' title='bbox 886 2845 1019 2927; x_wconf 88' lang='lat' dir='ltr'>predicti</span> <span class='ocrx_word' id='word_1_218' title='bbox 1039 2846 1145 2908; x_wconf 81' lang='lat' dir='ltr'>fratris</span> <span class='ocrx_word' id='word_1_219' title='bbox 1164 2845 1209 2908; x_wconf 90' lang='lat' dir='ltr'>lo.</span> <span class='ocrx_word' id='word_1_220' title='bbox 1231 2846 1263 2906; x_wconf 89' lang='lat' dir='ltr'>in</span> <span class='ocrx_word' id='word_1_221' title='bbox 1286 2845 1346 2907; x_wconf 88' lang='lat' dir='ltr'>boc</span> <span class='ocrx_word' id='word_1_222' title='bbox 1368 2844 1522 2908; x_wconf 87' lang='lat' dir='ltr'>beneficio</span> <span class='ocrx_word' id='word_1_223' title='bbox 1545 2861 1614 2906; x_wconf 91' lang='lat' dir='ltr'>con-</span> 
     </span>
     <span class='ocr_line' id='line_1_27' title="bbox 314 2932 1614 3018; baseline 0.005 -25"><span class='ocrx_word' id='word_1_224' title='bbox 314 2934 423 2995; x_wconf 86' lang='lat' dir='ltr'>ventui</span> <span class='ocrx_word' id='word_1_225' title='bbox 457 2932 657 3014; x_wconf 88' lang='lat' dir='ltr'>procurando</span> <span class='ocrx_word' id='word_1_226' title='bbox 697 2933 873 3016; x_wconf 85' lang='lat' dir='ltr'>neglieutes</span> <span class='ocrx_word' id='word_1_227' title='bbox 911 2936 1057 2997; x_wconf 90' lang='lat' dir='ltr'>minusve</span> <span class='ocrx_word' id='word_1_228' title='bbox 1089 2934 1235 2997; x_wconf 80' lang='lat' dir='ltr'>benevoli</span> <span class='ocrx_word' id='word_1_229' title='bbox 1265 2933 1386 2997; x_wconf 84' lang='lat' dir='ltr'>fuerint</span> <span class='ocrx_word' id='word_1_230' title='bbox 1414 2934 1614 3018; x_wconf 84' lang='lat' dir='ltr'>comprobati.</span> 
     </span>
     <span class='ocr_line' id='line_1_28' title="bbox 314 3020 1615 3107; baseline 0.001 -23"><span class='ocrx_word' id='word_1_231' title='bbox 314 3022 399 3104; x_wconf 86' lang='lat' dir='ltr'>quod</span> <span class='ocrx_word' id='word_1_232' title='bbox 420 3020 665 3085; x_wconf 73' lang='lat' dir='ltr'>subcellerarius</span> <span class='ocrx_word' id='word_1_233' title='bbox 686 3024 870 3086; x_wconf 86' lang='lat' dir='ltr'>resumendi</span> <span class='ocrx_word' id='word_1_234' title='bbox 892 3023 931 3086; x_wconf 94' lang='lat' dir='ltr'>ab</span> <span class='ocrx_word' id='word_1_235' title='bbox 953 3024 1030 3107; x_wconf 88' lang='lat' dir='ltr'>ipsis</span> <span class='ocrx_word' id='word_1_236' title='bbox 1050 3024 1133 3086; x_wconf 84' lang='lat' dir='ltr'>bona</span> <span class='ocrx_word' id='word_1_237' title='bbox 1155 3043 1252 3107; x_wconf 82' lang='lat' dir='ltr'>supra</span> <span class='ocrx_word' id='word_1_238' title='bbox 1273 3023 1357 3086; x_wconf 79' lang='lat' dir='ltr'>dicta</span> <span class='ocrx_word' id='word_1_239' title='bbox 1370 3023 1504 3087; x_wconf 82' lang='lat' dir='ltr'>liberam</span> <span class='ocrx_word' id='word_1_240' title='bbox 1519 3021 1615 3086; x_wconf 86' lang='lat' dir='ltr'>facul-</span> 
     </span>
     <span class='ocr_line' id='line_1_29' title="bbox 313 3111 1615 3196; baseline -0.002 -22"><span class='ocrx_word' id='word_1_241' title='bbox 313 3117 408 3175; x_wconf 80' lang='lat' dir='ltr'>tatem</span> <span class='ocrx_word' id='word_1_242' title='bbox 438 3112 553 3173; x_wconf 85' lang='lat' dir='ltr'>habeat</span> <span class='ocrx_word' id='word_1_243' title='bbox 581 3111 713 3194; x_wconf 88' lang='lat' dir='ltr'>ipsaque</span> <span class='ocrx_word' id='word_1_244' title='bbox 742 3113 847 3176; x_wconf 85' lang='lat' dir='ltr'>locare</span> <span class='ocrx_word' id='word_1_245' title='bbox 872 3114 1001 3196; x_wconf 77' lang='lat' dir='ltr'>poterit,</span> <span class='ocrx_word' id='word_1_246' title='bbox 1034 3118 1129 3196; x_wconf 89' lang='lat' dir='ltr'>prout</span> <span class='ocrx_word' id='word_1_247' title='bbox 1156 3114 1326 3176; x_wconf 91' lang='lat' dir='ltr'>conventui</span> <span class='ocrx_word' id='word_1_248' title='bbox 1359 3113 1474 3176; x_wconf 90' lang='lat' dir='ltr'>melius</span> <span class='ocrx_word' id='word_1_249' title='bbox 1505 3112 1615 3175; x_wconf 76' lang='lat' dir='ltr'>vident</span> 
     </span>
     <span class='ocr_line' id='line_1_30' title="bbox 313 3201 1615 3284; baseline -0.001 -20"><span class='ocrx_word' id='word_1_250' title='bbox 313 3201 473 3284; x_wconf 82' lang='lat' dir='ltr'>expedire.</span> <span class='ocrx_word' id='word_1_251' title='bbox 526 3201 676 3264; x_wconf 86' lang='lat' dir='ltr'>Preterea</span> <span class='ocrx_word' id='word_1_252' title='bbox 712 3212 788 3265; x_wconf 83' lang='lat' dir='ltr'>Sane</span> <span class='ocrx_word' id='word_1_253' title='bbox 823 3203 975 3266; x_wconf 89' lang='lat' dir='ltr'>memorie</span> <span class='ocrx_word' id='word_1_254' title='bbox 1012 3203 1315 3282; x_wconf 80' lang='lat' dir='ltr'>commendandum,</span> <span class='ocrx_word' id='word_1_255' title='bbox 1352 3203 1438 3283; x_wconf 92' lang='lat' dir='ltr'>quod</span> <span class='ocrx_word' id='word_1_256' title='bbox 1473 3221 1615 3266; x_wconf 81' lang='lat' dir='ltr'>mansum</span> 
     </span>
     <span class='ocr_line' id='line_1_31' title="bbox 312 3291 1615 3376; baseline -0.001 -22"><span class='ocrx_word' id='word_1_257' title='bbox 312 3309 414 3354; x_wconf 90' lang='lat' dir='ltr'>unum</span> <span class='ocrx_word' id='word_1_258' title='bbox 434 3292 468 3353; x_wconf 92' lang='lat' dir='ltr'>in</span> <span class='ocrx_word' id='word_1_259' title='bbox 490 3291 566 3353; x_wconf 88' lang='lat' dir='ltr'>villa</span> <span class='ocrx_word' id='word_1_260' title='bbox 581 3291 754 3355; x_wconf 87' lang='lat' dir='ltr'>Owerstete</span> <span class='ocrx_word' id='word_1_261' title='bbox 776 3293 815 3355; x_wconf 90' lang='lat' dir='ltr'>ad</span> <span class='ocrx_word' id='word_1_262' title='bbox 835 3294 904 3376; x_wconf 89' lang='lat' dir='ltr'>ipsa</span> <span class='ocrx_word' id='word_1_263' title='bbox 925 3292 1009 3355; x_wconf 87' lang='lat' dir='ltr'>bone</span> <span class='ocrx_word' id='word_1_264' title='bbox 1031 3293 1069 3356; x_wconf 86' lang='lat' dir='ltr'>ab</span> <span class='ocrx_word' id='word_1_265' title='bbox 1091 3293 1204 3357; x_wconf 88' lang='lat' dir='ltr'>eodem</span> <span class='ocrx_word' id='word_1_266' title='bbox 1226 3293 1322 3356; x_wconf 83' lang='lat' dir='ltr'>tratre</span> <span class='ocrx_word' id='word_1_267' title='bbox 1337 3292 1383 3358; x_wconf 91' lang='lat' dir='ltr'>Io.</span> <span class='ocrx_word' id='word_1_268' title='bbox 1401 3301 1615 3376; x_wconf 77' lang='lat' dir='ltr'>comparatum</span> 
     </span>
     <span class='ocr_line' id='line_1_32' title="bbox 313 3380 1615 3465; baseline -0.001 -21"><span class='ocrx_word' id='word_1_269' title='bbox 313 3399 370 3463; x_wconf 89' lang='lat' dir='ltr'>pro</span> <span class='ocrx_word' id='word_1_270' title='bbox 391 3399 507 3460; x_wconf 79' lang='lat' dir='ltr'>censu,</span> <span class='ocrx_word' id='word_1_271' title='bbox 529 3383 584 3462; x_wconf 90' lang='lat' dir='ltr'>qui</span> <span class='ocrx_word' id='word_1_272' title='bbox 606 3381 645 3445; x_wconf 91' lang='lat' dir='ltr'>de</span> <span class='ocrx_word' id='word_1_273' title='bbox 669 3381 759 3445; x_wconf 88' lang='lat' dir='ltr'>bonis</span> <span class='ocrx_word' id='word_1_274' title='bbox 780 3401 875 3465; x_wconf 86' lang='lat' dir='ltr'>supra</span> <span class='ocrx_word' id='word_1_275' title='bbox 896 3383 1078 3446; x_wconf 89' lang='lat' dir='ltr'>memoratis</span> <span class='ocrx_word' id='word_1_276' title='bbox 1099 3382 1233 3446; x_wconf 83' lang='lat' dir='ltr'>ecclesie</span> <span class='ocrx_word' id='word_1_277' title='bbox 1255 3381 1356 3445; x_wconf 84' lang='lat' dir='ltr'>sancti</span> <span class='ocrx_word' id='word_1_278' title='bbox 1368 3380 1457 3444; x_wconf 89' lang='lat' dir='ltr'>Petri</span> <span class='ocrx_word' id='word_1_279' title='bbox 1477 3383 1508 3443; x_wconf 87' lang='lat' dir='ltr'>in</span> <span class='ocrx_word' id='word_1_280' title='bbox 1526 3380 1615 3444; x_wconf 82' lang='lat' dir='ltr'>Sulte</span> 
     </span>
     <span class='ocr_line' id='line_1_33' title="bbox 313 3470 1616 3554; baseline -0.002 -21"><span class='ocrx_word' id='word_1_281' title='bbox 313 3471 455 3551; x_wconf 86' lang='lat' dir='ltr'>solvitur,</span> <span class='ocrx_word' id='word_1_282' title='bbox 476 3472 709 3554; x_wconf 80' lang='lat' dir='ltr'>assignavimus</span> <span class='ocrx_word' id='word_1_283' title='bbox 730 3473 957 3535; x_wconf 83' lang='lat' dir='ltr'>confirmantes</span> <span class='ocrx_word' id='word_1_284' title='bbox 976 3479 1049 3535; x_wconf 88' lang='lat' dir='ltr'>ante</span> <span class='ocrx_word' id='word_1_285' title='bbox 1071 3473 1156 3535; x_wconf 87' lang='lat' dir='ltr'>dicta</span> <span class='ocrx_word' id='word_1_286' title='bbox 1177 3473 1292 3550; x_wconf 70' lang='lat' dir='ltr'>omnic,</span> <span class='ocrx_word' id='word_1_287' title='bbox 1315 3489 1410 3553; x_wconf 91' lang='lat' dir='ltr'>quem</span> <span class='ocrx_word' id='word_1_288' title='bbox 1432 3470 1616 3534; x_wconf 82' lang='lat' dir='ltr'>admodum</span> 
     </span>
     <span class='ocr_line' id='line_1_34' title="bbox 314 3557 1616 3644; baseline -0.004 -20"><span class='ocrx_word' id='word_1_289' title='bbox 314 3561 460 3644; x_wconf 88' lang='lat' dir='ltr'>superius</span> <span class='ocrx_word' id='word_1_290' title='bbox 488 3567 536 3622; x_wconf 90' lang='lat' dir='ltr'>est</span> <span class='ocrx_word' id='word_1_291' title='bbox 562 3578 759 3644; x_wconf 80' lang='lat' dir='ltr'>expressum.</span> <span class='ocrx_word' id='word_1_292' title='bbox 808 3561 852 3624; x_wconf 90' lang='lat' dir='ltr'>Ut</span> <span class='ocrx_word' id='word_1_293' title='bbox 879 3562 977 3643; x_wconf 84' lang='lat' dir='ltr'>igitur</span> <span class='ocrx_word' id='word_1_294' title='bbox 1004 3561 1063 3624; x_wconf 88' lang='lat' dir='ltr'>hcc</span> <span class='ocrx_word' id='word_1_295' title='bbox 1094 3561 1201 3624; x_wconf 88' lang='lat' dir='ltr'>omnia</span> <span class='ocrx_word' id='word_1_296' title='bbox 1230 3561 1392 3644; x_wconf 88' lang='lat' dir='ltr'>perpetuis</span> <span class='ocrx_word' id='word_1_297' title='bbox 1423 3557 1616 3643; x_wconf 85' lang='lat' dir='ltr'>temporibus</span> 
     </span>
     <span class='ocr_line' id='line_1_35' title="bbox 313 3649 1678 3736; baseline -0.001 -24"><span class='ocrx_word' id='word_1_298' title='bbox 313 3649 501 3714; x_wconf 82' lang='lat' dir='ltr'>inconvulsa</span> <span class='ocrx_word' id='word_1_299' title='bbox 521 3657 736 3733; x_wconf 80' lang='lat' dir='ltr'>permaneant,</span> <span class='ocrx_word' id='word_1_300' title='bbox 758 3657 938 3734; x_wconf 89' lang='lat' dir='ltr'>presentem</span> <span class='ocrx_word' id='word_1_301' title='bbox 959 3650 1095 3714; x_wconf 88' lang='lat' dir='ltr'>litteram</span> <span class='ocrx_word' id='word_1_302' title='bbox 1118 3650 1294 3733; x_wconf 81' lang='lat' dir='ltr'>sigillorum</span> <span class='ocrx_word' id='word_1_303' title='bbox 1316 3655 1497 3714; x_wconf 89' lang='lat' dir='ltr'>nostrorum</span> <span class='ocrx_word' id='word_1_304' title='bbox 1513 3649 1618 3711; x_wconf 90' lang='lat' dir='ltr'>muni-</span> <span class='ocrx_word' id='word_1_305' title='bbox 1677 3733 1678 3736; x_wconf 8' lang='grc' dir='ltr'><strong>Ἴ</strong></span> 
     </span>
     <span class='ocr_line' id='line_1_36' title="bbox 316 3737 1617 3805; baseline -0.001 -2"><span class='ocrx_word' id='word_1_306' title='bbox 316 3742 399 3804; x_wconf 87' lang='lat' dir='ltr'>nrine</span> <span class='ocrx_word' id='word_1_307' title='bbox 421 3742 574 3804; x_wconf 78' lang='lat' dir='ltr'>duximus</span> <span class='ocrx_word' id='word_1_308' title='bbox 595 3741 815 3804; x_wconf 84' lang='lat' dir='ltr'>roborandam.</span> <span class='ocrx_word' id='word_1_309' title='bbox 846 3744 928 3805; x_wconf 85' lang='lat' dir='ltr'>Acta</span> <span class='ocrx_word' id='word_1_310' title='bbox 946 3748 1021 3804; x_wconf 87' lang='lat' dir='ltr'>sunt</span> <span class='ocrx_word' id='word_1_311' title='bbox 1042 3743 1100 3805; x_wconf 89' lang='lat' dir='ltr'>hec</span> <span class='ocrx_word' id='word_1_312' title='bbox 1121 3759 1204 3803; x_wconf 85' lang='lat' dir='ltr'>auno</span> <span class='ocrx_word' id='word_1_313' title='bbox 1227 3740 1348 3804; x_wconf 91' lang='lat' dir='ltr'>domini</span> <span class='ocrx_word' id='word_1_314' title='bbox 1368 3737 1617 3804; x_wconf 67' lang='lat' dir='ltr'>M⁰tb⁰LXX⁰Il⁰.</span> 
     </span>
    </p>
   </div>
   <div class='ocr_carea' id='block_1_8' title="bbox 314 3949 1617 4035">
    <p class='ocr_par' dir='ltr' id='par_1_8' title="bbox 314 3949 1617 4035">
     <span class='ocr_line' id='line_1_37' title="bbox 314 3949 1617 4035; baseline -0.003 -1"><span class='ocrx_word' id='word_1_315' title='bbox 314 3952 421 4035; x_wconf 78' lang='grc'><strong>1272.</strong></span> <span class='ocrx_word' id='word_1_316' title='bbox 449 3951 642 4034; x_wconf 71' lang='lat' dir='ltr'>reorum</span> <span class='ocrx_word' id='word_1_317' title='bbox 669 3951 729 4035; x_wconf 80' lang='lat'>13.</span> <span class='ocrx_word' id='word_1_318' title='bbox 1525 3949 1617 4032; x_wconf 76' lang='grc'><strong>236.</strong></span> 
     </span>
    </p>
   </div>
   <div class='ocr_carea' id='block_1_9' title="bbox 352 4071 1620 4410">
    <p class='ocr_par' dir='ltr' id='par_1_9' title="bbox 352 4071 1620 4410">
     <span class='ocr_line' id='line_1_38' title="bbox 393 4071 1620 4156; baseline -0.003 -18"><span class='ocrx_word' id='word_1_319' title='bbox 393 4073 539 4140; x_wconf 70' lang='lat' dir='ltr'>Aureae</span> <span class='ocrx_word' id='word_1_320' title='bbox 562 4075 738 4156; x_wconf 77' lang='lat' dir='ltr'>Landyrcf</span> <span class='ocrx_word' id='word_1_321' title='bbox 756 4094 815 4138; x_wconf 81' lang='lat' dir='ltr'>von</span> <span class='ocrx_word' id='word_1_322' title='bbox 845 4073 1024 4155; x_wconf 60' lang='lat' dir='ltr'>Penelopen</span> <span class='ocrx_word' id='word_1_323' title='bbox 1043 4073 1207 4152; x_wconf 77' lang='lat' dir='ltr'>bekucdet,</span> <span class='ocrx_word' id='word_1_324' title='bbox 1234 4076 1310 4139; x_wconf 84' lang='lat' dir='ltr'>dass</span> <span class='ocrx_word' id='word_1_325' title='bbox 1331 4073 1496 4138; x_wconf 77' lang='lat' dir='ltr'>Hermann</span> <span class='ocrx_word' id='word_1_326' title='bbox 1516 4071 1620 4136; x_wconf 73' lang='lat' dir='ltr'>Rider</span> 
     </span>
     <span class='ocr_line' id='line_1_39' title="bbox 353 4163 1620 4246; baseline -0.003 -16"><span class='ocrx_word' id='word_1_327' title='bbox 353 4185 412 4230; x_wconf 81' lang='lat' dir='ltr'>von</span> <span class='ocrx_word' id='word_1_328' title='bbox 442 4165 613 4245; x_wconf 74' lang='lat' dir='ltr'>Ebersberp</span> <span class='ocrx_word' id='word_1_329' title='bbox 646 4166 682 4228; x_wconf 76' lang='lat' dir='ltr'>ic</span> <span class='ocrx_word' id='word_1_330' title='bbox 706 4164 808 4229; x_wconf 65' lang='lat' dir='ltr'>sacer</span> <span class='ocrx_word' id='word_1_331' title='bbox 837 4165 1022 4244; x_wconf 77' lang='lat' dir='ltr'>chcrrwort</span> <span class='ocrx_word' id='word_1_332' title='bbox 1054 4163 1230 4246; x_wconf 69' lang='lat' dir='ltr'>11J2Hufe</span> <span class='ocrx_word' id='word_1_333' title='bbox 1255 4166 1313 4228; x_wconf 78' lang='lat' dir='ltr'>mil</span> <span class='ocrx_word' id='word_1_334' title='bbox 1338 4164 1436 4228; x_wconf 72' lang='lat' dir='ltr'>sinan</span> <span class='ocrx_word' id='word_1_335' title='bbox 1461 4164 1545 4227; x_wconf 70' lang='lat' dir='ltr'>dam</span> <span class='ocrx_word' id='word_1_336' title='bbox 1571 4183 1620 4244; x_wconf 75' lang='lat' dir='ltr'>pe·</span> 
     </span>
     <span class='ocr_line' id='line_1_40' title="bbox 352 4251 1619 4410; baseline -0.002 -91"><span class='ocrx_word' id='word_1_337' title='bbox 352 4254 714 4410; x_wconf 46' lang='lat' dir='ltr'>QZdeWeinboeye</span> <span class='ocrx_word' id='word_1_338' title='bbox 735 4255 769 4318; x_wconf 79' lang='lat' dir='ltr'>in</span> <span class='ocrx_word' id='word_1_339' title='bbox 793 4253 928 4318; x_wconf 82' lang='lat' dir='ltr'>Dcmsla</span> <span class='ocrx_word' id='word_1_340' title='bbox 948 4253 1017 4317; x_wconf 68' lang='lat' dir='ltr'>dccc</span> <span class='ocrx_word' id='word_1_341' title='bbox 1038 4253 1164 4318; x_wconf 79' lang='lat' dir='ltr'>Kloster</span> <span class='ocrx_word' id='word_1_342' title='bbox 1187 4253 1294 4336; x_wconf 68' lang='lat' dir='ltr'>Psorte</span> <span class='ocrx_word' id='word_1_343' title='bbox 1313 4251 1509 4318; x_wconf 60' lang='lat' dir='ltr'>mrumweise</span> <span class='ocrx_word' id='word_1_344' title='bbox 1532 4251 1619 4316; x_wconf 72' lang='lat' dir='ltr'>coer-</span> 
     </span>
    </p>
   </div>
   <div class='ocr_carea' id='block_1_10' title="bbox 365 4460 1075 4636">
    <p class='ocr_par' dir='ltr' id='par_1_10' title="bbox 365 4460 1075 4636">
     <span class='ocr_line' id='line_1_41' title="bbox 464 4460 1075 4530; baseline 0.005 -15"><span class='ocrx_word' id='word_1_345' title='bbox 464 4461 596 4520; x_wconf 61' lang='lat' dir='ltr'>nocua:</span> <span class='ocrx_word' id='word_1_346' title='bbox 614 4460 644 4516; x_wconf 83' lang='lat'>1&gt;</span> <span class='ocrx_word' id='word_1_347' title='bbox 661 4465 697 4516; x_wconf 81' lang='lat'>29</span> <span class='ocrx_word' id='word_1_348' title='bbox 714 4463 766 4530; x_wconf 78' lang='lat' dir='ltr'>(ur.</span> <span class='ocrx_word' id='word_1_349' title='bbox 779 4461 946 4528; x_wconf 68' lang='lat' dir='ltr'>comsuu).</span> <span class='ocrx_word' id='word_1_350' title='bbox 977 4461 1075 4518; x_wconf 74' lang='lat' dir='ltr'>reas.</span> 
     </span>
     <span class='ocr_line' id='line_1_42' title="bbox 365 4567 975 4636; baseline 0 -14"><span class='ocrx_word' id='word_1_351' title='bbox 365 4607 368 4613; x_wconf 90' lang='lat'><em>.</em></span> <span class='ocrx_word' id='word_1_352' title='bbox 463 4567 575 4622; x_wconf 72' lang='lat' dir='ltr'>Dnrclc:</span> <span class='ocrx_word' id='word_1_353' title='bbox 596 4567 728 4622; x_wconf 80' lang='lat' dir='ltr'>Deutsclr:</span> <span class='ocrx_word' id='word_1_354' title='bbox 755 4567 840 4636; x_wconf 75' lang='lat' dir='ltr'>Wolff</span> <span class='ocrx_word' id='word_1_355' title='bbox 853 4567 896 4636; x_wconf 89' lang='grc' dir='ltr'>ΙΙ,</span> <span class='ocrx_word' id='word_1_356' title='bbox 915 4570 975 4623; x_wconf 85' lang='grc'><strong>179.</strong></span> 
     </span>
    </p>
   </div>
   <div class='ocr_carea' id='block_1_11' title="bbox 0 0 1700 5148">
    <p class='ocr_par' dir='ltr' id='par_1_11' title="bbox 0 0 1700 5148">
     <span class='ocr_line' id='line_1_43' title="bbox 0 0 1700 5148; baseline 0 1"><span class='ocrx_word' id='word_1_357' title='bbox 0 0 1700 5148; x_wconf 95' lang='lat' dir='ltr'> </span> 
     </span>
    </p>
   </div>
  </div>
 </body>
</html>
