3410 5146
293 351 328 416 78
665 356 895 418 L'rknndenbnch
914 363 963 418 dm
980 361 1106 419 mosten
1124 363 1227 422 Parae.

291 513 391 577 abbas
403 513 593 595 Rudegerus
613 515 715 576 sancti
730 513 858 596 Georgii
879 526 912 578 et
931 517 1046 580 fratres
1067 517 1116 578 sui
1138 517 1363 598 possessiones,
1384 535 1466 598 quas
1480 514 1595 580 habue—
1695 561 1696 590 t

292 613 367 666 runt
388 604 422 665 in
450 602 639 678 Kohelowe,
667 623 741 666 cunr
768 607 856 667 omni
882 605 1017 668 utilitate
1046 625 1104 667 sua
1130 605 1235 667 abbati
1256 603 1415 668 Adeloldo
1438 606 1597 670 Portensis
1696 618 1697 655 l

291 693 415 757 cenobii
452 701 484 756 et
517 693 668 756 fratribus
706 695 776 757 eius
808 695 1014 758 contulerimt
1043 695 1099 757 tali
1130 695 1332 772 condicione,
1360 702 1396 758 ut
1427 695 1597 759 Fortenses

291 783 444 846 fratribus
465 783 566 846 sancti
588 783 717 866 Georgii
742 784 784 846 ad
805 785 886 847 dnos
907 785 1058 846 cannales
1079 805 1195 865 aquam
1214 784 1404 866 prorideant
1423 785 1456 846 in
1478 784 1598 847 molen·
1695 767 1696 800 ¹

291 872 390 934 dino¹
411 873 444 933 in
467 872 546 954 pede
568 873 686 934 montis
707 874 767 934 sito
792 881 824 935 et
844 874 996 936 fratribus
1018 875 1118 936 sancti
1140 873 1286 936 llauricii
1308 873 1349 935 ad
1371 893 1468 936 unam
1490 881 1599 950 rotam,

292 962 461 1042 quoniam²
488 962 548 1043 ipsi
575 961 727 1025 fratribus
759 965 859 1025 sancti
886 963 1013 1045 Georgii
1046 964 1177 1026 terciam
1209 971 1329 1044 partem
1361 963 1598 1044 possessionum

291 1051 508 1114 restituenmt.
550 1050 710 1113 Statutum
737 1057 786 1114 est
812 1053 922 1129 etiam,
951 1062 987 1114 ut
1012 1051 1182 1114 Fortenses
1211 1051 1338 1114 alveum
1365 1053 1426 1112 riri
1463 1059 1600 1134 purgent

292 1140 447 1220 usquein
471 1139 591 1212 locum,
613 1140 666 1203 ubi
687 1160 773 1203 nunc
795 1142 855 1203 sita
875 1148 924 1204 est
945 1150 1035 1224 porta
1056 1141 1189 1223 pomerii
1209 1159 1334 1211 eorum,
1362 1141 1418 1220 qui
1438 1149 1600 1204 ΙὲΡΙΠΙεπ

290 1229 407 1292 cubitis
428 1248 447 1290 a
467 1228 651 1293 molendino
672 1230 873 1313 protenditur
898 1233 1061 1311 usquead
1083 1231 1239 1314 prefatum
1267 1230 1455 1299 terminum,
1485 1229 1599 1292 abhinc
1695 1259 1696 1264 ¹

290 1318 405 1380 fratres
426 1319 527 1380 sancti
548 1317 694 1381 Mauncii
716 1338 819 1400 usque
841 1319 881 1380 ad
902 1325 1032 1402 pontem
1055 1319 1371 1400 Aldenburgensium
1393 1321 1598 1401 superiorem,

290 1407 365 1469 inde
390 1407 505 1470 hahes
536 1407 637 1470 sancti
659 1409 788 1491 Georgii
818 1429 919 1490 usquc
941 1409 981 1471 ad
1003 1429 1106 1472 suum.
1149 1410 1248 1472 Porro
1271 1409 1346 1489 quia
1371 1410 1470 1471 nimia
1491 1409 1598 1472 estatis
1695 1413 1696 1416 ’

293 1496 341 1558 vel
369 1497 493 1578 ygemis
518 1497 722 1579 intemperies
749 1499 915 1580 penuriam
935 1518 1018 1580 aque
1037 1499 1117 1562 solet
1137 1499 1280 1574 efficere,
1306 1498 1411 1561 subita
1432 1498 1599 1560 inundatio

291 1585 343 1648 vel
368 1585 479 1668 glaciei
508 1587 722 1668 inportunitas
745 1587 927 1650 clausuram
949 1597 1052 1670 potest
1074 1588 1279 1671 abrumpere,
1307 1595 1462 1650 statutum
1483 1597 1545 1664 est,
1566 1595 1599 1650 ut

293 1675 472 1754 Portenses,
506 1677 697 1756 quantocius
728 1697 785 1760 pro
814 1677 965 1740 facultate
998 1697 1056 1741 sua
1086 1679 1223 1760 possint,
1254 1697 1401 1760 reparare
1439 1679 1598 1742 festinent

291 1763 462 1828 Sciendum
495 1772 615 1842 autem,
645 1765 731 1846 quod
763 1765 861 1830 abbas
892 1765 1082 1849 liudegerus
1112 1769 1213 1829 sancti
1240 1767 1369 1850 Georgii
1401 1766 1535 1831 liberam
1566 1769 1598 1830 in

292 1861 399 1916 monte
420 1855 475 1930 eis,
497 1855 553 1934 qui
574 1853 842 1938 diciturSalberg,
863 1855 975 1918 tribuit
995 1854 1178 1928 facultatem
1200 1857 1239 1918 ad
1252 1858 1463 1939 reparandam
1474 1857 1600 1920 clausu-

292 1964 359 2006 rem
383 1943 565 2007 molendini.
608 1943 641 2007 Si
664 1945 742 2024 quid
761 1945 843 2008 forte
866 1947 1136 2026 querimoniarum
1159 1955 1307 2009 exortum
1330 1947 1428 2010 fucrit
1449 1946 1500 2010 vel
1520 1948 1602 2010 inter

292 2034 361 2116 ipsa
386 2033 524 2098 claustra
553 2033 592 2096 de
622 2035 787 2117 purgando
814 2035 905 2098 alveo
931 2034 981 2098 vel
1011 2055 1030 2098 a
1059 2036 1172 2098 ricinis
1194 2055 1252 2118 pro
1277 2035 1488 2098 inundatione
1510 2055 1602 2117 aque,

292 2143 348 2206 pro
370 2144 428 2186 sua
447 2131 534 2206 parte
557 2123 722 2205 quodlibet
744 2123 919 2188 claustrum
939 2125 1132 2207 respondeat
1148 2131 1179 2188 et
1193 2125 1348 2188 emendet
1379 2125 1603 2194 Ratametiam

292 2213 446 2276 habemus
468 2215 670 2296 emptionem,
691 2233 785 2294 quam
807 2214 954 2277 fecenmt
975 2214 1146 2278 Portenses
1166 2215 1282 2278 fratres
1298 2234 1373 2278 cum
1392 2215 1546 2278 fratribus
1563 2217 1603 2278 de

292 2311 400 2366 sancto
429 2303 584 2366 Mamicio
616 2301 676 2366 sub
705 2304 864 2386 preposito
895 2303 1063 2366 Gumfrido
1091 2323 1148 2387 pro
1175 2323 1248 2368 area
1279 2304 1431 2386 quadam,
1465 2324 1535 2386 que
1556 2311 1604 2368 est

292 2401 365 2454 ante
398 2400 519 2474 portam
546 2393 647 2454 suncti
676 2391 837 2470 Mauricii,
869 2400 901 2456 et
933 2392 1155 2456 concambium
1182 2393 1298 2472 salicti,
1329 2394 1415 2475 quod
1442 2400 1491 2458 est
1511 2395 1604 2458 iuxta

292 2481 472 2544 clausuram
499 2501 595 2561 aque,
621 2481 708 2563 quod
733 2487 925 2565 acceperunt
954 2501 1010 2565 pro
1039 2482 1175 2563 quadam
1197 2503 1272 2546 area
1292 2484 1324 2545 in
1345 2483 1478 2546 Tuswic.
1522 2483 1605 2558 Quia

291 2573 389 2654 igitur
407 2572 466 2635 hec
488 2572 594 2634 omnia
615 2572 648 2633 in
670 2573 832 2654 presentia
851 2571 1086 2654 predecessoris
1111 2573 1211 2634 nostri
1239 2573 1290 2654 pie
1311 2574 1464 2636 memorie
1489 2572 1604 2636 Utonis

293 2661 424 2724 secundi
447 2667 479 2724 et
499 2661 634 2722 aliorum
652 2660 827 2723 multorum
848 2660 1084 2724 racionabiliter·
1105 2663 1273 2724 terminata
1294 2669 1377 2739 sunt,
1397 2680 1457 2724 nos
1474 2681 1603 2743 quoque

293 2752 505 2834 approbamus
526 2757 566 2828 et,
588 2756 624 2816 ut
645 2751 677 2812 in
699 2756 887 2833 perpotumn
913 2755 982 2812 rata
1001 2757 1210 2834 permaneant
1230 2757 1262 2813 et
1282 2751 1481 2830 inconvulsa,
1508 2749 1604 2834 sigilli

293 2841 393 2904 nostri
418 2841 615 2925 inpressione
644 2840 841 2922 signavimus
868 2837 927 2902 sub
955 2841 1286 2904 excommunicatione
1312 2840 1531 2924 prohibentes,
1562 2860 1602 2904 ne

294 2932 365 3014 quis
386 2932 417 2992 in
441 2929 652 3014 preiudicium
673 2929 807 2992 fratrum
825 2928 1027 2992 Portensimn
1049 2929 1124 2992 huic
1146 2931 1261 3014 pagine
1283 2930 1412 2994 obviare
1430 2939 1603 3014 presumat.

292 3021 411 3085 Datum
434 3039 517 3082 enno
540 3019 661 3081 domini
681 3028 892 3096 M⁰Gc⁰liss⁰,
918 3019 1092 3082 indictione
1120 3029 1198 3098 t'fl',
1223 3030 1267 3082 ΥΟ
1293 3019 1447 3083 kalendas
1472 3020 1604 3104 Aprilis.

293 3111 402 3173 Testes
430 3116 505 3172 sunt
530 3108 737 3171 Hermannus
758 3109 938 3192 prepositus
959 3108 1239 3191 Nuenbnrgensis,
1262 3108 1431 3174 Gunradus
1453 3110 1605 3185 decanus,
1697 3107 1698 3164 l

294 3201 462 3264 Cunradus
483 3197 681 3276 scolasticus,
710 3198 891 3279 Volquinus
908 3205 1029 3278 custos,
1057 3199 1211 3262 Gerlacus
1231 3200 1421 3280 eanonicus,
1451 3201 1606 3282 magister

293 3289 453 3370 Hrwicic,
489 3287 674 3352 Meinherus
706 3289 866 3370 prefectus
900 3287 1086 3368 Misnensis,
1120 3288 1334 3352 Theodericus
1369 3289 1531 3372 prefectus
1563 3290 1603 3351 de
1697 3335 1698 3350 .

291 3379 497 3461 Kyrchberg,
522 3377 675 3442 Albertus
702 3379 741 3441 de
767 3377 915 3457 Drotolrb,
943 3379 1038 3462 Hugo
1061 3379 1100 3442 de
1122 3378 1371 3457 Herlrenwalde,
1390 3377 1551 3442 Rudolfus
1573 3385 1606 3441 ct

293 3470 478 3532 Guntherus
496 3467 535 3531 de
556 3467 698 3530 Bunowe
722 3469 837 3532 fratres
859 3475 891 3531 et
911 3467 965 3531 alii
985 3469 1102 3552 plures.
1697 3469 1698 3512 l

363 3597 375 3622 ³⁸
392 3594 525 3664 quoniam
549 3594 574 3647 Τ
606 3583 672 3662 ἂε
695 3608 780 3662 quam
802 3590 831 3645 D
902 3582 1066 3663 bDroisiglr
1089 3593 1114 3646 T
1260 3633 1262 3636 -

370 3700 377 3738 ¹
398 3703 640 3770 flaochatum-hung
657 3700 689 3752 ira
710 3697 744 3750 T:
762 3696 887 3768 intellige
905 3697 1095 3752 molendinum
1114 3699 1142 3751 in
1162 3697 1334 3768 Aldenburg.
1458 3721 1462 3728 ·
1697 3669 1698 3702 l

1697 3783 1698 3822 l

294 3896 408 3978 1205.
1535 3895 1610 3977 60.
1697 3955 1698 3960 .

394 4029 666 4111 Bischochrtold
685 4029 730 4092 ΙΙ.
752 4049 809 4093 voa
825 4027 1015 4108 Noumhwrp
1036 4026 1186 4091 bekcndet
1205 4027 1362 4091 nummula
1382 4027 1456 4111 (apl.
1468 4028 1531 4093 Nr.
1547 4033 1611 4108 58)
1697 4031 1698 4036 ’

393 4121 444 4185 uie
471 4106 630 4201 llberpabe
650 4118 704 4182 des
724 4117 841 4202 Dorfcs
864 4117 986 4182 Trebam
1008 4137 1051 4180 uu
1072 4117 1131 4179 das
1153 4117 1276 4181 Kloster
1295 4115 1402 4200 Pforte
1421 4120 1457 4183 ia
1481 4119 1613 4185 Tausdr

394 4231 489 4293 papea
506 4209 613 4273 classen
624 4207 838 4288 Besitauupca
861 4208 894 4272 iu
905 4205 1080 4283 Steiubucb,
1100 4205 1269 4271 Stoclrheim
1279 4208 1348 4271 und
1361 4205 1566 4278 numeratu.

446 4327 577 4382 nucha:
597 4327 670 4380 Zwei
681 4326 726 4380 Or.
738 4327 812 4395 Perp.
831 4323 1030 4379 uonPorteaaer
1045 4323 1131 4378 Hand
1149 4325 1208 4392 (opi.
1220 4324 1298 4380 Pocae
1307 4329 1359 4389 19).
1387 4327 1415 4394 1)
1436 4325 1481 4394 Sp.
1492 4327 1615 4383 maas-

492 4409 661 4478 pcecbnitteu.
692 4407 788 4474 Pforte,
806 4404 1000 4458 Bibliothech.
1011 4408 1028 4458 7
1038 4403 1095 4470 (P).
1118 4406 1148 4471 2)
1158 4403 1204 4471 Sp.
1214 4421 1253 4456 cn
1270 4404 1467 4474 mehrfurbt'pm
1479 4405 1615 4462 amem

495 4487 591 4542 Fauen
611 4493 660 4555 pat
677 4485 804 4540 erholtea.
849 4483 971 4538 Drasdea
996 4482 1083 4537 HSt
1096 4482 1191 4540 A.Nr.
1202 4486 1254 4537 146
1270 4483 1344 4554 (Dr).
1376 4513 1408 4523 -
1432 4477 1526 4539 D5'3b
1552 4488 1616 4554 (tit.

494 4567 676 4638 Flemingen).
704 4565 729 4619 Τ
740 4569 800 4626 102.
