<?xml version="1.0" encoding="UTF-8"?>
<!DOCTYPE html PUBLIC "-//W3C//DTD XHTML 1.0 Transitional//EN"
    "http://www.w3.org/TR/xhtml1/DTD/xhtml1-transitional.dtd">
<html xmlns="http://www.w3.org/1999/xhtml" xml:lang="en" lang="en">
 <head>
  <title>
</title>
<meta http-equiv="Content-Type" content="text/html;charset=utf-8" />
  <meta name='ocr-system' content='tesseract 3.04.00' />
  <meta name='ocr-capabilities' content='ocr_page ocr_carea ocr_par ocr_line ocrx_word'/>
</head>
<body>
  <div class='ocr_page' id='page_1' title='image "./urkundenbuchdes00pforgoog_0512.png"; bbox 0 0 3506 5148; ppageno 0'>
   <div class='ocr_carea' id='block_1_1' title="bbox 306 393 1236 454">
    <p class='ocr_par' dir='ltr' id='par_1_1' title="bbox 306 393 1236 454">
     <span class='ocr_line' id='line_1_1' title="bbox 306 393 1236 454; baseline 0.002 -4"><span class='ocrx_word' id='word_1_1' title='bbox 306 395 359 451; x_wconf 77' lang='lat'><strong>478</strong></span> <span class='ocrx_word' id='word_1_2' title='bbox 674 393 904 451; x_wconf 82' lang='lat' dir='ltr'><strong>Urkundenbuch</strong></span> <span class='ocrx_word' id='word_1_3' title='bbox 922 395 971 452; x_wconf 87' lang='lat' dir='ltr'><strong>das</strong></span> <span class='ocrx_word' id='word_1_4' title='bbox 988 395 1115 454; x_wconf 86' lang='lat' dir='ltr'><strong>Klosters</strong></span> <span class='ocrx_word' id='word_1_5' title='bbox 1134 395 1236 454; x_wconf 82' lang='lat' dir='ltr'><strong>Plorte.</strong></span> 
     </span>
    </p>
   </div>
   <div class='ocr_carea' id='block_1_2' title="bbox 305 546 1615 903">
    <p class='ocr_par' dir='ltr' id='par_1_2' title="bbox 305 546 1615 903">
     <span class='ocr_line' id='line_1_2' title="bbox 306 546 1613 634; baseline 0.002 -25"><span class='ocrx_word' id='word_1_6' title='bbox 306 565 389 610; x_wconf 89' lang='lat' dir='ltr'><strong>enno</strong></span> <span class='ocrx_word' id='word_1_7' title='bbox 421 546 540 610; x_wconf 90' lang='lat' dir='ltr'><strong>domini</strong></span> <span class='ocrx_word' id='word_1_8' title='bbox 571 555 852 626; x_wconf 81' lang='lat' dir='ltr'><strong>n⁰oco⁰xxssss‚</strong></span> <span class='ocrx_word' id='word_1_9' title='bbox 883 559 924 612; x_wconf 86' lang='lat' dir='ltr'><strong>XI</strong></span> <span class='ocrx_word' id='word_1_10' title='bbox 951 549 1100 614; x_wconf 79' lang='lat' dir='ltr'><strong>kalendas</strong></span> <span class='ocrx_word' id='word_1_11' title='bbox 1127 550 1254 634; x_wconf 82' lang='lat' dir='ltr'><strong>Aprilis.</strong></span> <span class='ocrx_word' id='word_1_12' title='bbox 1301 548 1408 614; x_wconf 82' lang='lat' dir='ltr'><strong>Testes</strong></span> <span class='ocrx_word' id='word_1_13' title='bbox 1439 549 1536 612; x_wconf 80' lang='lat' dir='ltr'><strong>liuius</strong></span> <span class='ocrx_word' id='word_1_14' title='bbox 1568 549 1613 612; x_wconf 90' lang='lat' dir='ltr'><strong>rei</strong></span> 
     </span>
     <span class='ocr_line' id='line_1_3' title="bbox 306 636 1613 719; baseline 0.001 -19"><span class='ocrx_word' id='word_1_15' title='bbox 306 642 383 700; x_wconf 91' lang='lat' dir='ltr'><strong>sunt</strong></span> <span class='ocrx_word' id='word_1_16' title='bbox 402 636 573 700; x_wconf 89' lang='lat' dir='ltr'><strong>Heinricus</strong></span> <span class='ocrx_word' id='word_1_17' title='bbox 594 637 632 700; x_wconf 92' lang='lat' dir='ltr'><strong>de</strong></span> <span class='ocrx_word' id='word_1_18' title='bbox 654 636 832 715; x_wconf 78' lang='lat' dir='ltr'><strong>Buewditz‚</strong></span> <span class='ocrx_word' id='word_1_19' title='bbox 858 637 992 702; x_wconf 84' lang='lat' dir='ltr'><strong>Iacobus</strong></span> <span class='ocrx_word' id='word_1_20' title='bbox 1020 639 1059 702; x_wconf 91' lang='lat' dir='ltr'><strong>de</strong></span> <span class='ocrx_word' id='word_1_21' title='bbox 1079 638 1182 719; x_wconf 69' lang='lat' dir='ltr'><strong>leena,</strong></span> <span class='ocrx_word' id='word_1_22' title='bbox 1208 639 1358 703; x_wconf 89' lang='lat' dir='ltr'><strong>Nicolaus</strong></span> <span class='ocrx_word' id='word_1_23' title='bbox 1378 640 1417 703; x_wconf 93' lang='lat' dir='ltr'><strong>de</strong></span> <span class='ocrx_word' id='word_1_24' title='bbox 1438 637 1613 716; x_wconf 59' lang='lat' dir='ltr'><strong>wisensea</strong></span> 
     </span>
     <span class='ocr_line' id='line_1_4' title="bbox 305 727 1615 807; baseline 0.002 -18"><span class='ocrx_word' id='word_1_25' title='bbox 305 727 400 791; x_wconf 88' lang='lat' dir='ltr'><strong>frater</strong></span> <span class='ocrx_word' id='word_1_26' title='bbox 421 727 585 790; x_wconf 86' lang='lat' dir='ltr'><strong>Conradus</strong></span> <span class='ocrx_word' id='word_1_27' title='bbox 606 732 722 807; x_wconf 79' lang='lat' dir='ltr'><strong>custos,</strong></span> <span class='ocrx_word' id='word_1_28' title='bbox 742 728 839 791; x_wconf 88' lang='lat' dir='ltr'><strong>frater</strong></span> <span class='ocrx_word' id='word_1_29' title='bbox 860 727 1039 793; x_wconf 84' lang='lat' dir='ltr'><strong>Friderious</strong></span> <span class='ocrx_word' id='word_1_30' title='bbox 1061 730 1099 793; x_wconf 92' lang='lat' dir='ltr'><strong>de</strong></span> <span class='ocrx_word' id='word_1_31' title='bbox 1117 729 1265 794; x_wconf 89' lang='lat' dir='ltr'><strong>Wisense</strong></span> <span class='ocrx_word' id='word_1_32' title='bbox 1286 736 1317 794; x_wconf 88' lang='lat' dir='ltr'><strong>et</strong></span> <span class='ocrx_word' id='word_1_33' title='bbox 1336 731 1433 794; x_wconf 84' lang='lat' dir='ltr'><strong>irater</strong></span> <span class='ocrx_word' id='word_1_34' title='bbox 1451 729 1615 792; x_wconf 86' lang='lat' dir='ltr'><strong>Conradus</strong></span> 
     </span>
     <span class='ocr_line' id='line_1_5' title="bbox 305 815 1483 903; baseline 0.002 -24"><span class='ocrx_word' id='word_1_35' title='bbox 305 815 455 880; x_wconf 88' lang='lat' dir='ltr'><strong>Ysenhut</strong></span> <span class='ocrx_word' id='word_1_36' title='bbox 475 819 626 901; x_wconf 83' lang='lat' dir='ltr'><strong>magister</strong></span> <span class='ocrx_word' id='word_1_37' title='bbox 644 819 734 899; x_wconf 76' lang='lat' dir='ltr'><strong>curio</strong></span> <span class='ocrx_word' id='word_1_38' title='bbox 758 819 791 880; x_wconf 91' lang='lat' dir='ltr'><strong>in</strong></span> <span class='ocrx_word' id='word_1_39' title='bbox 812 818 910 882; x_wconf 82' lang='lat' dir='ltr'><strong>Verai</strong></span> <span class='ocrx_word' id='word_1_40' title='bbox 932 825 962 883; x_wconf 89' lang='lat' dir='ltr'><strong>et</strong></span> <span class='ocrx_word' id='word_1_41' title='bbox 984 840 1079 902; x_wconf 89' lang='lat' dir='ltr'><strong>quam</strong></span> <span class='ocrx_word' id='word_1_42' title='bbox 1101 820 1209 903; x_wconf 88' lang='lat' dir='ltr'><strong>plures</strong></span> <span class='ocrx_word' id='word_1_43' title='bbox 1230 821 1284 884; x_wconf 85' lang='lat' dir='ltr'><strong>alii</strong></span> <span class='ocrx_word' id='word_1_44' title='bbox 1305 821 1367 885; x_wconf 88' lang='lat' dir='ltr'><strong>fide</strong></span> <span class='ocrx_word' id='word_1_45' title='bbox 1388 820 1483 903; x_wconf 86' lang='lat' dir='ltr'>digni.</span> 
     </span>
    </p>
   </div>
   <div class='ocr_carea' id='block_1_3' title="bbox 304 927 1620 1726">
    <p class='ocr_par' dir='ltr' id='par_1_3' title="bbox 304 927 1620 1726">
     <span class='ocr_line' id='line_1_6' title="bbox 376 927 1616 1003; baseline 0.001 -17"><span class='ocrx_word' id='word_1_46' title='bbox 376 933 458 988; x_wconf 73' lang='lat' dir='ltr'><strong>Aram.</strong></span> <span class='ocrx_word' id='word_1_47' title='bbox 502 934 582 988; x_wconf 43' lang='lat' dir='ltr'><strong>illabor</strong></span> <span class='ocrx_word' id='word_1_48' title='bbox 606 933 744 988; x_wconf 81' lang='lat' dir='ltr'><strong>denaeiben</strong></span> <span class='ocrx_word' id='word_1_49' title='bbox 774 934 945 1002; x_wconf 68' lang='lat' dir='ltr'><strong>Gsccnstcnd</strong></span> <span class='ocrx_word' id='word_1_50' title='bbox 967 935 1050 1002; x_wconf 77' lang='lat' dir='ltr'><strong>findet</strong></span> <span class='ocrx_word' id='word_1_51' title='bbox 1075 935 1132 990; x_wconf 77' lang='lat' dir='ltr'><strong>sicb</strong></span> <span class='ocrx_word' id='word_1_52' title='bbox 1153 927 1271 1003; x_wconf 65' lang='lat' dir='ltr'><strong>T2101&#39;,</strong></span> <span class='ocrx_word' id='word_1_53' title='bbox 1298 937 1426 1002; x_wconf 80' lang='lat' dir='ltr'><strong>cbcnfalia</strong></span> <span class='ocrx_word' id='word_1_54' title='bbox 1449 953 1506 989; x_wconf 85' lang='lat' dir='ltr'><strong>vom</strong></span> <span class='ocrx_word' id='word_1_55' title='bbox 1525 933 1616 988; x_wconf 84' lang='lat' dir='ltr'><strong>Notar</strong></span> 
     </span>
     <span class='ocr_line' id='line_1_7' title="bbox 306 1011 1615 1085; baseline 0.002 -20"><span class='ocrx_word' id='word_1_56' title='bbox 306 1011 446 1080; x_wconf 77' lang='lat' dir='ltr'><strong>Ncubdscr</strong></span> <span class='ocrx_word' id='word_1_57' title='bbox 463 1015 619 1082; x_wconf 74' lang='lat' dir='ltr'><strong>beplcrdipt,</strong></span> <span class='ocrx_word' id='word_1_58' title='bbox 638 1015 696 1068; x_wconf 75' lang='lat' dir='ltr'><strong>cirre</strong></span> <span class='ocrx_word' id='word_1_59' title='bbox 714 1015 803 1068; x_wconf 81' lang='lat' dir='ltr'><strong>zweite</strong></span> <span class='ocrx_word' id='word_1_60' title='bbox 818 1014 947 1068; x_wconf 67' lang='lat' dir='ltr'><strong>cremae</strong></span> <span class='ocrx_word' id='word_1_61' title='bbox 963 1033 1015 1069; x_wconf 76' lang='lat' dir='ltr'><strong>cora</strong></span> <span class='ocrx_word' id='word_1_62' title='bbox 1032 1015 1157 1084; x_wconf 76' lang='lat' dir='ltr'><strong>pleiclrem</strong></span> <span class='ocrx_word' id='word_1_63' title='bbox 1169 1015 1239 1085; x_wconf 80' lang='lat' dir='ltr'><strong>Tapc</strong></span> <span class='ocrx_word' id='word_1_64' title='bbox 1251 1016 1310 1070; x_wconf 78' lang='lat' dir='ltr'><strong>und</strong></span> <span class='ocrx_word' id='word_1_65' title='bbox 1322 1017 1372 1070; x_wconf 85' lang='lat' dir='ltr'><strong>mit</strong></span> <span class='ocrx_word' id='word_1_66' title='bbox 1381 1016 1500 1084; x_wconf 72' lang='lat' dir='ltr'><strong>plcichm</strong></span> <span class='ocrx_word' id='word_1_67' title='bbox 1510 1016 1615 1082; x_wconf 66' lang='lat' dir='ltr'><strong>Zamae</strong></span> 
     </span>
     <span class='ocr_line' id='line_1_8' title="bbox 304 1091 1616 1164; baseline 0.005 -20"><span class='ocrx_word' id='word_1_68' title='bbox 304 1091 336 1144; x_wconf 80' lang='lat' dir='ltr'><strong>in</strong></span> <span class='ocrx_word' id='word_1_69' title='bbox 355 1093 495 1147; x_wconf 71' lang='lat' dir='ltr'><strong>tbeiiwerae</strong></span> <span class='ocrx_word' id='word_1_70' title='bbox 511 1093 626 1148; x_wconf 76' lang='lat' dir='ltr'><strong>crederer</strong></span> <span class='ocrx_word' id='word_1_71' title='bbox 637 1093 773 1162; x_wconf 77' lang='lat' dir='ltr'><strong>Fassunp.</strong></span> <span class='ocrx_word' id='word_1_72' title='bbox 810 1093 1136 1162; x_wconf 80' lang='lat' dir='ltr'><strong>Dicimuptadcblicbaten</strong></span> <span class='ocrx_word' id='word_1_73' title='bbox 1145 1097 1360 1164; x_wconf 81' lang='lat' dir='ltr'><strong>Abrceicbunperr</strong></span> <span class='ocrx_word' id='word_1_74' title='bbox 1375 1095 1455 1150; x_wconf 76' lang='lat' dir='ltr'><strong>sind:</strong></span> <span class='ocrx_word' id='word_1_75' title='bbox 1473 1096 1484 1122; x_wconf 82' lang='lat'>²</span> <span class='ocrx_word' id='word_1_76' title='bbox 1502 1096 1616 1152; x_wconf 90' lang='lat' dir='ltr'><strong>domino</strong></span> 
     </span>
     <span class='ocr_line' id='line_1_9' title="bbox 305 1163 1615 1245; baseline 0.005 -19"><span class='ocrx_word' id='word_1_77' title='bbox 305 1171 420 1228; x_wconf 83' lang='lat' dir='ltr'><strong>Alberto</strong></span> <span class='ocrx_word' id='word_1_78' title='bbox 438 1172 531 1228; x_wconf 84' lang='lat' dir='ltr'><strong>abbati</strong></span> <span class='ocrx_word' id='word_1_79' title='bbox 593 1163 606 1200; x_wconf 70' lang='lat'><strong>¹³</strong></span> <span class='ocrx_word' id='word_1_80' title='bbox 628 1173 768 1244; x_wconf 85' lang='lat' dir='ltr'><strong>contiguis</strong></span> <span class='ocrx_word' id='word_1_81' title='bbox 787 1175 860 1245; x_wconf 83' lang='lat' dir='ltr'><strong>agris</strong></span> <span class='ocrx_word' id='word_1_82' title='bbox 879 1175 1003 1245; x_wconf 86' lang='lat' dir='ltr'><strong>ipsorum</strong></span> <span class='ocrx_word' id='word_1_83' title='bbox 1021 1176 1050 1229; x_wconf 92' lang='lat' dir='ltr'><strong>in</strong></span> <span class='ocrx_word' id='word_1_84' title='bbox 1071 1175 1224 1232; x_wconf 80' lang='lat' dir='ltr'><strong>Mittelowe</strong></span> <span class='ocrx_word' id='word_1_85' title='bbox 1243 1180 1320 1243; x_wconf 83' lang='lat' dir='ltr'><strong>(atatt</strong></span> <span class='ocrx_word' id='word_1_86' title='bbox 1337 1175 1466 1232; x_wconf 86' lang='lat' dir='ltr'><strong>videlicet</strong></span> <span class='ocrx_word' id='word_1_87' title='bbox 1484 1176 1615 1244; x_wconf 82' lang='lat' dir='ltr'><strong>inMitcl-</strong></span> 
     </span>
     <span class='ocr_line' id='line_1_10' title="bbox 305 1253 1618 1330; baseline 0.005 -24"><span class='ocrx_word' id='word_1_88' title='bbox 305 1255 373 1320; x_wconf 75' lang='lat' dir='ltr'><strong>oa&#39;c)</strong></span> <span class='ocrx_word' id='word_1_89' title='bbox 457 1253 559 1324; x_wconf 86' lang='lat' dir='ltr'><strong>cquod</strong></span> <span class='ocrx_word' id='word_1_90' title='bbox 579 1253 720 1323; x_wconf 88' lang='lat' dir='ltr'><strong>predictus</strong></span> <span class='ocrx_word' id='word_1_91' title='bbox 740 1253 870 1308; x_wconf 85' lang='lat' dir='ltr'><strong>dominus</strong></span> <span class='ocrx_word' id='word_1_92' title='bbox 888 1253 974 1310; x_wconf 87' lang='lat' dir='ltr'><strong>abbas</strong></span> <span class='ocrx_word' id='word_1_93' title='bbox 994 1255 1075 1312; x_wconf 83' lang='lat' dir='ltr'><strong>nobis</strong></span> <span class='ocrx_word' id='word_1_94' title='bbox 1093 1255 1171 1312; x_wconf 82' lang='lat' dir='ltr'><strong>dedit</strong></span> <span class='ocrx_word' id='word_1_95' title='bbox 1189 1263 1311 1328; x_wconf 88' lang='lat' dir='ltr'><strong>quatuor</strong></span> <span class='ocrx_word' id='word_1_96' title='bbox 1328 1273 1436 1312; x_wconf 83' lang='lat' dir='ltr'><strong>mareas</strong></span> <span class='ocrx_word' id='word_1_97' title='bbox 1453 1257 1618 1330; x_wconf 83' lang='lat' dir='ltr'><strong>Fribergen-</strong></span> 
     </span>
     <span class='ocr_line' id='line_1_11' title="bbox 304 1324 1618 1407; baseline 0.006 -21"><span class='ocrx_word' id='word_1_98' title='bbox 304 1332 342 1386; x_wconf 83' lang='lat' dir='ltr'><strong>sis</strong></span> <span class='ocrx_word' id='word_1_99' title='bbox 360 1333 468 1406; x_wconf 78' lang='lat' dir='ltr'>argenti</span> <span class='ocrx_word' id='word_1_100' title='bbox 555 1324 567 1360; x_wconf 80' lang='lat'><strong>‘¹</strong></span> <span class='ocrx_word' id='word_1_101' title='bbox 586 1334 726 1403; x_wconf 87' lang='lat' dir='ltr'><strong>predictos</strong></span> <span class='ocrx_word' id='word_1_102' title='bbox 746 1333 888 1405; x_wconf 80' lang='lat' dir='ltr'><strong>religiosos</strong></span> <span class='ocrx_word' id='word_1_103' title='bbox 909 1337 951 1403; x_wconf 80' lang='lat' dir='ltr'><strong>(ia</strong></span> <span class='ocrx_word' id='word_1_104' title='bbox 967 1336 1019 1390; x_wconf 77' lang='lat' dir='ltr'><strong>den</strong></span> <span class='ocrx_word' id='word_1_105' title='bbox 1036 1337 1129 1405; x_wconf 82' lang='lat' dir='ltr'><strong>cbipen</strong></span> <span class='ocrx_word' id='word_1_106' title='bbox 1149 1336 1215 1392; x_wconf 78' lang='lat' dir='ltr'><strong>cht</strong></span> <span class='ocrx_word' id='word_1_107' title='bbox 1233 1339 1451 1407; x_wconf 80' lang='lat' dir='ltr'><strong>auspcrrommen)</strong></span> <span class='ocrx_word' id='word_1_108' title='bbox 1538 1339 1618 1394; x_wconf 81' lang='lat' dir='ltr'><strong>edo·</strong></span> 
     </span>
     <span class='ocr_line' id='line_1_12' title="bbox 305 1412 1619 1488; baseline 0.005 -22"><span class='ocrx_word' id='word_1_109' title='bbox 305 1421 404 1468; x_wconf 81' lang='lat' dir='ltr'><strong>nantes</strong></span> <span class='ocrx_word' id='word_1_110' title='bbox 430 1414 533 1468; x_wconf 85' lang='lat' dir='ltr'><strong>eisdem</strong></span> <span class='ocrx_word' id='word_1_111' title='bbox 558 1431 639 1469; x_wconf 89' lang='lat' dir='ltr'><strong>omne</strong></span> <span class='ocrx_word' id='word_1_112' title='bbox 663 1412 706 1467; x_wconf 81' lang='lat' dir='ltr'><strong>ius</strong></span> <span class='ocrx_word' id='word_1_113' title='bbox 732 1419 873 1480; x_wconf 89' lang='lat' dir='ltr'><strong>nostrum,</strong></span> <span class='ocrx_word' id='word_1_114' title='bbox 898 1414 972 1485; x_wconf 90' lang='lat' dir='ltr'><strong>quod</strong></span> <span class='ocrx_word' id='word_1_115' title='bbox 1000 1415 1103 1472; x_wconf 85' lang='lat' dir='ltr'><strong>habere</strong></span> <span class='ocrx_word' id='word_1_116' title='bbox 1122 1415 1285 1472; x_wconf 89' lang='lat' dir='ltr'><strong>videbamur</strong></span> <span class='ocrx_word' id='word_1_117' title='bbox 1303 1417 1332 1472; x_wconf 90' lang='lat' dir='ltr'><strong>in</strong></span> <span class='ocrx_word' id='word_1_118' title='bbox 1351 1416 1482 1488; x_wconf 80' lang='lat' dir='ltr'><strong>predictis</strong></span> <span class='ocrx_word' id='word_1_119' title='bbox 1504 1420 1619 1486; x_wconf 85' lang='lat' dir='ltr'><strong>mansis,</strong></span> 
     </span>
     <span class='ocr_line' id='line_1_13' title="bbox 305 1487 1618 1568; baseline 0.005 -22"><span class='ocrx_word' id='word_1_120' title='bbox 305 1498 439 1564; x_wconf 89' lang='lat' dir='ltr'><strong>perpetuo</strong></span> <span class='ocrx_word' id='word_1_121' title='bbox 463 1493 662 1564; x_wconf 86' lang='lat' dir='ltr'><strong>possidendum</strong></span> <span class='ocrx_word' id='word_1_122' title='bbox 687 1495 861 1564; x_wconf 71' lang='lat' dir='ltr'><strong>iciaaupefript</strong></span> <span class='ocrx_word' id='word_1_123' title='bbox 950 1487 1027 1550; x_wconf 71' lang='lat' dir='ltr'><strong>snos</strong></span> <span class='ocrx_word' id='word_1_124' title='bbox 1046 1496 1077 1550; x_wconf 91' lang='lat' dir='ltr'><strong>L.</strong></span> <span class='ocrx_word' id='word_1_125' title='bbox 1096 1501 1125 1550; x_wconf 89' lang='lat' dir='ltr'><strong>et</strong></span> <span class='ocrx_word' id='word_1_126' title='bbox 1144 1496 1181 1551; x_wconf 88' lang='lat' dir='ltr'><strong>H.</strong></span> <span class='ocrx_word' id='word_1_127' title='bbox 1201 1498 1376 1568; x_wconf 72' lang='lat' dir='ltr'><strong>hirrrupcsr&#39;ipt</strong></span> <span class='ocrx_word' id='word_1_128' title='bbox 1464 1497 1618 1553; x_wconf 69' lang='lat' dir='ltr'><strong>cIrrcobus</strong></span> 
     </span>
     <span class='ocr_line' id='line_1_14' title="bbox 304 1567 1618 1656; baseline 0.005 -29"><span class='ocrx_word' id='word_1_129' title='bbox 304 1574 396 1628; x_wconf 88' lang='lat' dir='ltr'><strong>dictus</strong></span> <span class='ocrx_word' id='word_1_130' title='bbox 415 1572 449 1628; x_wconf 85' lang='lat' dir='ltr'><strong>de</strong></span> <span class='ocrx_word' id='word_1_131' title='bbox 468 1574 528 1642; x_wconf 88' lang='lat' dir='ltr'><strong>len,</strong></span> <span class='ocrx_word' id='word_1_132' title='bbox 548 1575 665 1656; x_wconf 68' lang='lat' dir='ltr'><strong>derider-</strong></span> <span class='ocrx_word' id='word_1_133' title='bbox 685 1591 735 1628; x_wconf 77' lang='lat' dir='ltr'><strong>eun</strong></span> <span class='ocrx_word' id='word_1_134' title='bbox 753 1575 905 1642; x_wconf 76' lang='lat' dir='ltr'><strong>Nerabdsera</strong></span> <span class='ocrx_word' id='word_1_135' title='bbox 923 1575 1026 1630; x_wconf 84' lang='lat' dir='ltr'><strong>Hand:</strong></span> <span class='ocrx_word' id='word_1_136' title='bbox 1049 1593 1102 1631; x_wconf 89' lang='lat' dir='ltr'><strong>von</strong></span> <span class='ocrx_word' id='word_1_137' title='bbox 1121 1575 1214 1631; x_wconf 87' lang='lat' dir='ltr'><strong>Zcehn</strong></span> <span class='ocrx_word' id='word_1_138' title='bbox 1303 1567 1407 1634; x_wconf 78' lang='lat' dir='ltr'><strong>¹1ciues</strong></span> <span class='ocrx_word' id='word_1_139' title='bbox 1427 1575 1618 1634; x_wconf 83' lang='lat' dir='ltr'><strong>Erliordenses</strong></span> 
     </span>
     <span class='ocr_line' id='line_1_15' title="bbox 304 1655 1620 1726; baseline 0.003 -18"><span class='ocrx_word' id='word_1_140' title='bbox 304 1655 478 1724; x_wconf 75' lang='lat' dir='ltr'><strong>dinzupefatpt</strong></span> <span class='ocrx_word' id='word_1_141' title='bbox 549 1657 554 1684; x_wconf 94' lang='lat'>¹</span> <span class='ocrx_word' id='word_1_142' title='bbox 575 1655 703 1710; x_wconf 89' lang='lat' dir='ltr'><strong>monachi</strong></span> <span class='ocrx_word' id='word_1_143' title='bbox 723 1656 783 1722; x_wconf 70' lang='lat' dir='ltr'><strong>(scir</strong></span> <span class='ocrx_word' id='word_1_144' title='bbox 803 1655 855 1709; x_wconf 81' lang='lat' dir='ltr'><strong>den</strong></span> <span class='ocrx_word' id='word_1_145' title='bbox 874 1657 967 1710; x_wconf 75' lang='lat' dir='ltr'><strong>letale-a</strong></span> <span class='ocrx_word' id='word_1_146' title='bbox 986 1657 1093 1726; x_wconf 77' lang='lat' dir='ltr'><strong>Zcupca</strong></span> <span class='ocrx_word' id='word_1_147' title='bbox 1109 1657 1198 1724; x_wconf 73' lang='lat' dir='ltr'><strong>salacia</strong></span> <span class='ocrx_word' id='word_1_148' title='bbox 1216 1663 1285 1712; x_wconf 84' lang='lat' dir='ltr'><strong>atctt</strong></span> <span class='ocrx_word' id='word_1_149' title='bbox 1302 1660 1462 1725; x_wconf 83' lang='lat' dir='ltr'><strong>conversus)</strong></span> <span class='ocrx_word' id='word_1_150' title='bbox 1483 1658 1512 1710; x_wconf 91' lang='lat' dir='ltr'><strong>in</strong></span> <span class='ocrx_word' id='word_1_151' title='bbox 1531 1657 1620 1712; x_wconf 86' lang='lat' dir='ltr'><strong>Porta</strong></span> 
     </span>
    </p>
   </div>
   <div class='ocr_carea' id='block_1_4' title="bbox 304 1736 479 1804">
    <p class='ocr_par' dir='ltr' id='par_1_4' title="bbox 304 1736 479 1804">
     <span class='ocr_line' id='line_1_16' title="bbox 304 1736 479 1804; baseline 0.006 -16"><span class='ocrx_word' id='word_1_152' title='bbox 304 1736 479 1804; x_wconf 71' lang='lat' dir='ltr'><strong>lu&#39;aaupefa&#39;tpt</strong></span> 
     </span>
    </p>
   </div>
   <div class='ocr_carea' id='block_1_5' title="bbox 836 1835 1083 1844">
    <p class='ocr_par' dir='ltr' id='par_1_5' title="bbox 836 1835 1083 1844">
     <span class='ocr_line' id='line_1_17' title="bbox 836 1835 1083 1844; baseline 0 -2"><span class='ocrx_word' id='word_1_153' title='bbox 836 1835 1083 1844; x_wconf 48' lang='lat' dir='ltr'>—m-—n-</span> 
     </span>
    </p>
   </div>
   <div class='ocr_carea' id='block_1_6' title="bbox 304 1869 1621 1962">
    <p class='ocr_par' dir='ltr' id='par_1_6' title="bbox 304 1869 1621 1962">
     <span class='ocr_line' id='line_1_18' title="bbox 304 1869 1621 1962; baseline 0.004 -10"><span class='ocrx_word' id='word_1_154' title='bbox 304 1871 418 1954; x_wconf 76' lang='lat'>1324.</span> <span class='ocrx_word' id='word_1_155' title='bbox 445 1869 565 1953; x_wconf 76' lang='lat' dir='ltr'><strong>littra</strong></span> <span class='ocrx_word' id='word_1_156' title='bbox 584 1873 644 1954; x_wconf 78' lang='lat'><strong>27.</strong></span> <span class='ocrx_word' id='word_1_157' title='bbox 1520 1874 1621 1962; x_wconf 78' lang='lat'>518.</span> 
     </span>
    </p>
   </div>
   <div class='ocr_carea' id='block_1_7' title="bbox 346 2006 1620 2274">
    <p class='ocr_par' dir='ltr' id='par_1_7' title="bbox 346 2006 1620 2274">
     <span class='ocr_line' id='line_1_19' title="bbox 386 2006 1620 2090; baseline 0.001 -19"><span class='ocrx_word' id='word_1_158' title='bbox 386 2008 448 2072; x_wconf 81' lang='lat' dir='ltr'><strong>Die</strong></span> <span class='ocrx_word' id='word_1_159' title='bbox 470 2008 600 2072; x_wconf 84' lang='lat' dir='ltr'><strong>Briidcr</strong></span> <span class='ocrx_word' id='word_1_160' title='bbox 623 2006 753 2089; x_wconf 73' lang='lat' dir='ltr'><strong>liudolf,</strong></span> <span class='ocrx_word' id='word_1_161' title='bbox 776 2006 931 2070; x_wconf 78' lang='lat' dir='ltr'><strong>Heinrich</strong></span> <span class='ocrx_word' id='word_1_162' title='bbox 952 2007 1021 2070; x_wconf 80' lang='lat' dir='ltr'><strong>und</strong></span> <span class='ocrx_word' id='word_1_163' title='bbox 1042 2007 1197 2071; x_wconf 74' lang='lat' dir='ltr'><strong>Heinrich</strong></span> <span class='ocrx_word' id='word_1_164' title='bbox 1219 2008 1378 2073; x_wconf 82' lang='lat' dir='ltr'><strong>Scirculccn</strong></span> <span class='ocrx_word' id='word_1_165' title='bbox 1397 2007 1620 2090; x_wconf 77' lang='lat' dir='ltr'><strong>iuDorubury</strong></span> 
     </span>
     <span class='ocr_line' id='line_1_20' title="bbox 346 2096 1619 2182; baseline 0.002 -20"><span class='ocrx_word' id='word_1_166' title='bbox 346 2099 455 2179; x_wconf 79' lang='lat' dir='ltr'><strong>cipue-n</strong></span> <span class='ocrx_word' id='word_1_167' title='bbox 477 2099 545 2182; x_wconf 82' lang='lat' dir='ltr'><strong>[die</strong></span> <span class='ocrx_word' id='word_1_168' title='bbox 568 2100 601 2162; x_wconf 79' lang='lat' dir='ltr'><strong>iu</strong></span> <span class='ocrx_word' id='word_1_169' title='bbox 623 2099 678 2161; x_wconf 83' lang='lat' dir='ltr'><strong>cler</strong></span> <span class='ocrx_word' id='word_1_170' title='bbox 691 2097 816 2177; x_wconf 79' lang='lat' dir='ltr'><strong>vor-ipen</strong></span> <span class='ocrx_word' id='word_1_171' title='bbox 835 2096 984 2162; x_wconf 83' lang='lat' dir='ltr'><strong>Urlcundc</strong></span> <span class='ocrx_word' id='word_1_172' title='bbox 998 2098 1195 2180; x_wconf 78' lang='lat' dir='ltr'><strong>crwdbrrtcu]</strong></span> <span class='ocrx_word' id='word_1_173' title='bbox 1216 2099 1334 2164; x_wconf 72' lang='lat' dir='ltr'><strong>nater</strong></span> <span class='ocrx_word' id='word_1_174' title='bbox 1348 2119 1390 2163; x_wconf 78' lang='lat' dir='ltr'><strong>au</strong></span> <span class='ocrx_word' id='word_1_175' title='bbox 1402 2100 1619 2180; x_wconf 74' lang='lat' dir='ltr'><strong>Persicudorf,</strong></span> 
     </span>
     <span class='ocr_line' id='line_1_21' title="bbox 346 2187 1620 2274; baseline 0.005 -24"><span class='ocrx_word' id='word_1_176' title='bbox 346 2210 389 2252; x_wconf 77' lang='lat' dir='ltr'><strong>(cri</strong></span> <span class='ocrx_word' id='word_1_177' title='bbox 418 2190 517 2251; x_wconf 76' lang='lat' dir='ltr'><strong>clerieo</strong></span> <span class='ocrx_word' id='word_1_178' title='bbox 546 2189 591 2252; x_wconf 85' lang='lat' dir='ltr'><strong>sie</strong></span> <span class='ocrx_word' id='word_1_179' title='bbox 614 2188 714 2252; x_wconf 78' lang='lat' dir='ltr'><strong>darei</strong></span> <span class='ocrx_word' id='word_1_180' title='bbox 743 2187 809 2250; x_wconf 77' lang='lat' dir='ltr'><strong>ibrc</strong></span> <span class='ocrx_word' id='word_1_181' title='bbox 830 2187 1036 2251; x_wconf 76' lang='lat' dir='ltr'><strong>Lciinsboiccit</strong></span> <span class='ocrx_word' id='word_1_182' title='bbox 1063 2189 1137 2251; x_wconf 84' lang='lat' dir='ltr'><strong>iiber</strong></span> <span class='ocrx_word' id='word_1_183' title='bbox 1162 2189 1213 2252; x_wconf 82' lang='lat' dir='ltr'><strong>dic</strong></span> <span class='ocrx_word' id='word_1_184' title='bbox 1241 2190 1335 2270; x_wconf 80' lang='lat' dir='ltr'><strong>Burp</strong></span> <span class='ocrx_word' id='word_1_185' title='bbox 1363 2189 1540 2274; x_wconf 78' lang='lat' dir='ltr'><strong>Gicissbcrp</strong></span> <span class='ocrx_word' id='word_1_186' title='bbox 1566 2193 1620 2256; x_wconf 76' lang='lat' dir='ltr'><strong>cia</strong></span> 
     </span>
    </p>
   </div>
   <div class='ocr_carea' id='block_1_8' title="bbox 346 2277 1175 2360">
    <p class='ocr_par' dir='ltr' id='par_1_8' title="bbox 346 2277 1175 2360">
     <span class='ocr_line' id='line_1_22' title="bbox 346 2277 1175 2360; baseline -0.002 -17"><span class='ocrx_word' id='word_1_187' title='bbox 346 2280 484 2344; x_wconf 75' lang='lat' dir='ltr'><strong>Aaroclrt</strong></span> <span class='ocrx_word' id='word_1_188' title='bbox 504 2279 613 2359; x_wconf 75' lang='lat' dir='ltr'><strong>pcbubt</strong></span> <span class='ocrx_word' id='word_1_189' title='bbox 630 2279 739 2356; x_wconf 82' lang='lat' dir='ltr'><strong>buben,</strong></span> <span class='ocrx_word' id='word_1_190' title='bbox 761 2279 829 2342; x_wconf 72' lang='lat' dir='ltr'><strong>cient</strong></span> <span class='ocrx_word' id='word_1_191' title='bbox 851 2277 977 2342; x_wconf 83' lang='lat' dir='ltr'><strong>Klostcr</strong></span> <span class='ocrx_word' id='word_1_192' title='bbox 998 2280 1106 2360; x_wconf 82' lang='lat' dir='ltr'><strong>Pfortc</strong></span> <span class='ocrx_word' id='word_1_193' title='bbox 1124 2298 1175 2344; x_wconf 77' lang='lat' dir='ltr'><strong>cu.</strong></span> 
     </span>
    </p>
   </div>
   <div class='ocr_carea' id='block_1_9' title="bbox 455 2388 1026 2558">
    <p class='ocr_par' dir='ltr' id='par_1_9' title="bbox 455 2388 1026 2558">
     <span class='ocr_line' id='line_1_23' title="bbox 456 2388 1026 2455; baseline 0.009 -5"><span class='ocrx_word' id='word_1_194' title='bbox 456 2395 591 2452; x_wconf 67' lang='lat' dir='ltr'><strong>ucecia:</strong></span> <span class='ocrx_word' id='word_1_195' title='bbox 613 2397 696 2452; x_wconf 74' lang='lat' dir='ltr'><strong>uam</strong></span> <span class='ocrx_word' id='word_1_196' title='bbox 714 2396 774 2450; x_wconf 71' lang='lat' dir='ltr'><strong>aaa</strong></span> <span class='ocrx_word' id='word_1_197' title='bbox 793 2397 931 2450; x_wconf 68' lang='lat' dir='ltr'><strong>mamae</strong></span> <span class='ocrx_word' id='word_1_198' title='bbox 948 2388 1026 2455; x_wconf 63' lang='lat' dir='ltr'><strong>areb.</strong></span> 
     </span>
     <span class='ocr_line' id='line_1_24' title="bbox 455 2489 959 2558; baseline -0.004 -14"><span class='ocrx_word' id='word_1_199' title='bbox 455 2490 567 2546; x_wconf 76' lang='lat' dir='ltr'><strong>Druck:</strong></span> <span class='ocrx_word' id='word_1_200' title='bbox 586 2489 721 2544; x_wconf 76' lang='lat' dir='ltr'><strong>Dcutsclr:</strong></span> <span class='ocrx_word' id='word_1_201' title='bbox 744 2489 829 2558; x_wconf 74' lang='lat' dir='ltr'><strong>Wolff</strong></span> <span class='ocrx_word' id='word_1_202' title='bbox 837 2489 880 2555; x_wconf 91' lang='lat' dir='ltr'><strong>II,</strong></span> <span class='ocrx_word' id='word_1_203' title='bbox 900 2493 959 2543; x_wconf 77' lang='lat'><strong><em>411.</em></strong></span> 
     </span>
    </p>
   </div>
   <div class='ocr_carea' id='block_1_10' title="bbox 304 2594 1623 2860">
    <p class='ocr_par' dir='ltr' id='par_1_10' title="bbox 304 2594 1623 2860">
     <span class='ocr_line' id='line_1_25' title="bbox 385 2594 1622 2679; baseline 0.003 -21"><span class='ocrx_word' id='word_1_204' title='bbox 385 2595 450 2659; x_wconf 90' lang='lat' dir='ltr'><strong>Nos</strong></span> <span class='ocrx_word' id='word_1_205' title='bbox 469 2595 634 2676; x_wconf 72' lang='lat' dir='ltr'><strong>liudolfus,</strong></span> <span class='ocrx_word' id='word_1_206' title='bbox 657 2595 818 2659; x_wconf 86' lang='lat' dir='ltr'><strong>Henricus</strong></span> <span class='ocrx_word' id='word_1_207' title='bbox 839 2600 869 2659; x_wconf 89' lang='lat' dir='ltr'><strong>at</strong></span> <span class='ocrx_word' id='word_1_208' title='bbox 892 2594 1051 2660; x_wconf 89' lang='lat' dir='ltr'><strong>chricus</strong></span> <span class='ocrx_word' id='word_1_209' title='bbox 1071 2597 1183 2660; x_wconf 83' lang='lat' dir='ltr'><strong>iratres</strong></span> <span class='ocrx_word' id='word_1_210' title='bbox 1210 2598 1363 2679; x_wconf 78' lang='lat' dir='ltr'><strong>pincerne</strong></span> <span class='ocrx_word' id='word_1_211' title='bbox 1382 2599 1415 2660; x_wconf 90' lang='lat' dir='ltr'><strong>in</strong></span> <span class='ocrx_word' id='word_1_212' title='bbox 1429 2596 1622 2662; x_wconf 89' lang='lat' dir='ltr'><strong>Doruborch</strong></span> 
     </span>
     <span class='ocr_line' id='line_1_26' title="bbox 304 2686 1623 2772; baseline 0.003 -23"><span class='ocrx_word' id='word_1_213' title='bbox 304 2688 561 2770; x_wconf 77' lang='lat' dir='ltr'><strong>recognoscimus</strong></span> <span class='ocrx_word' id='word_1_214' title='bbox 590 2693 621 2750; x_wconf 90' lang='lat' dir='ltr'><strong>et</strong></span> <span class='ocrx_word' id='word_1_215' title='bbox 647 2688 680 2748; x_wconf 90' lang='lat' dir='ltr'><strong>in</strong></span> <span class='ocrx_word' id='word_1_216' title='bbox 707 2687 856 2749; x_wconf 81' lang='lat' dir='ltr'><strong>noticiam</strong></span> <span class='ocrx_word' id='word_1_217' title='bbox 884 2687 1042 2766; x_wconf 80' lang='lat' dir='ltr'><strong>omnium,</strong></span> <span class='ocrx_word' id='word_1_218' title='bbox 1073 2688 1126 2770; x_wconf 89' lang='lat' dir='ltr'><strong>qui</strong></span> <span class='ocrx_word' id='word_1_219' title='bbox 1157 2687 1313 2769; x_wconf 81' lang='lat' dir='ltr'><strong>prasentia</strong></span> <span class='ocrx_word' id='word_1_220' title='bbox 1335 2686 1472 2750; x_wconf 87' lang='lat' dir='ltr'><strong>viderint</strong></span> <span class='ocrx_word' id='word_1_221' title='bbox 1494 2689 1623 2772; x_wconf 80' lang='lat' dir='ltr'><strong>scripta,</strong></span> 
     </span>
     <span class='ocr_line' id='line_1_27' title="bbox 306 2776 1623 2860; baseline 0.003 -20"><span class='ocrx_word' id='word_1_222' title='bbox 306 2779 455 2860; x_wconf 88' lang='lat' dir='ltr'><strong>cupimus</strong></span> <span class='ocrx_word' id='word_1_223' title='bbox 477 2779 656 2860; x_wconf 85' lang='lat' dir='ltr'><strong>pervenire,</strong></span> <span class='ocrx_word' id='word_1_224' title='bbox 684 2776 784 2859; x_wconf 87' lang='lat' dir='ltr'><strong>quod,</strong></span> <span class='ocrx_word' id='word_1_225' title='bbox 811 2797 884 2840; x_wconf 90' lang='lat' dir='ltr'><strong>cum</strong></span> <span class='ocrx_word' id='word_1_226' title='bbox 912 2777 1100 2841; x_wconf 89' lang='lat' dir='ltr'><strong>venerabilis</strong></span> <span class='ocrx_word' id='word_1_227' title='bbox 1122 2778 1272 2840; x_wconf 91' lang='lat' dir='ltr'><strong>dominus</strong></span> <span class='ocrx_word' id='word_1_228' title='bbox 1293 2777 1445 2842; x_wconf 84' lang='lat' dir='ltr'><strong>Albertus</strong></span> <span class='ocrx_word' id='word_1_229' title='bbox 1465 2779 1568 2844; x_wconf 85' lang='lat' dir='ltr'><strong>abbas</strong></span> <span class='ocrx_word' id='word_1_230' title='bbox 1590 2789 1623 2844; x_wconf 85' lang='lat' dir='ltr'><strong>et</strong></span> 
     </span>
    </p>
   </div>
   <div class='ocr_carea' id='block_1_11' title="bbox 188 2866 1624 2953">
    <p class='ocr_par' dir='ltr' id='par_1_11' title="bbox 188 2866 1624 2953">
     <span class='ocr_line' id='line_1_28' title="bbox 188 2866 1624 2953; baseline 0.003 -23"><span class='ocrx_word' id='word_1_231' title='bbox 188 2929 192 2936; x_wconf 89' lang='grc'>,</span> <span class='ocrx_word' id='word_1_232' title='bbox 306 2874 484 2930; x_wconf 90' lang='lat' dir='ltr'><strong>conventus</strong></span> <span class='ocrx_word' id='word_1_233' title='bbox 518 2869 702 2931; x_wconf 89' lang='lat' dir='ltr'><strong>monasterii</strong></span> <span class='ocrx_word' id='word_1_234' title='bbox 734 2868 768 2928; x_wconf 91' lang='lat' dir='ltr'><strong>in</strong></span> <span class='ocrx_word' id='word_1_235' title='bbox 800 2866 895 2930; x_wconf 87' lang='lat' dir='ltr'><strong>Porta</strong></span> <span class='ocrx_word' id='word_1_236' title='bbox 935 2866 1055 2930; x_wconf 86' lang='lat' dir='ltr'><strong>ordinis</strong></span> <span class='ocrx_word' id='word_1_237' title='bbox 1090 2867 1323 2944; x_wconf 58' lang='lat' dir='ltr'><strong>(isterciensis</strong></span> <span class='ocrx_word' id='word_1_238' title='bbox 1358 2868 1624 2953; x_wconf 83' lang='lat' dir='ltr'><strong>Numburgousis</strong></span> 
     </span>
    </p>
   </div>
   <div class='ocr_carea' id='block_1_12' title="bbox 307 2957 1628 3760">
    <p class='ocr_par' dir='ltr' id='par_1_12' title="bbox 307 2957 1628 3760">
     <span class='ocr_line' id='line_1_29' title="bbox 307 2957 1622 3040; baseline 0.003 -21"><span class='ocrx_word' id='word_1_239' title='bbox 307 2957 473 3037; x_wconf 78' lang='lat' dir='ltr'><strong>dioecesis,</strong></span> <span class='ocrx_word' id='word_1_240' title='bbox 505 2957 660 3040; x_wconf 88' lang='lat' dir='ltr'><strong>quosdam</strong></span> <span class='ocrx_word' id='word_1_241' title='bbox 692 2977 784 3038; x_wconf 87' lang='lat' dir='ltr'><strong>agros</strong></span> <span class='ocrx_word' id='word_1_242' title='bbox 815 2959 849 3019; x_wconf 92' lang='lat' dir='ltr'><strong>in</strong></span> <span class='ocrx_word' id='word_1_243' title='bbox 879 2978 990 3040; x_wconf 89' lang='lat' dir='ltr'><strong>campo</strong></span> <span class='ocrx_word' id='word_1_244' title='bbox 1020 2959 1152 3040; x_wconf 67' lang='lat' dir='ltr'><strong>grangia</strong></span> <span class='ocrx_word' id='word_1_245' title='bbox 1182 2958 1384 3022; x_wconf 85' lang='lat' dir='ltr'><strong>Borsindorff</strong></span> <span class='ocrx_word' id='word_1_246' title='bbox 1408 2961 1486 3022; x_wconf 91' lang='lat' dir='ltr'><strong>sitos</strong></span> <span class='ocrx_word' id='word_1_247' title='bbox 1516 2980 1554 3022; x_wconf 88' lang='lat' dir='ltr'><strong>ac</strong></span> <span class='ocrx_word' id='word_1_248' title='bbox 1586 2965 1622 3023; x_wconf 89' lang='lat' dir='ltr'><strong>in</strong></span> 
     </span>
     <span class='ocr_line' id='line_1_30' title="bbox 307 3047 1624 3131; baseline 0.002 -22"><span class='ocrx_word' id='word_1_249' title='bbox 307 3047 477 3111; x_wconf 87' lang='lat' dir='ltr'><strong>illittelowe</strong></span> <span class='ocrx_word' id='word_1_250' title='bbox 505 3050 645 3130; x_wconf 91' lang='lat' dir='ltr'><strong>ipsorum</strong></span> <span class='ocrx_word' id='word_1_251' title='bbox 672 3049 756 3130; x_wconf 85' lang='lat' dir='ltr'><strong>agris</strong></span> <span class='ocrx_word' id='word_1_252' title='bbox 776 3049 942 3129; x_wconf 89' lang='lat' dir='ltr'><strong>contiguos</strong></span> <span class='ocrx_word' id='word_1_253' title='bbox 962 3048 1000 3111; x_wconf 93' lang='lat' dir='ltr'><strong>ab</strong></span> <span class='ocrx_word' id='word_1_254' title='bbox 1021 3047 1162 3111; x_wconf 89' lang='lat' dir='ltr'><strong>Henrico</strong></span> <span class='ocrx_word' id='word_1_255' title='bbox 1184 3048 1222 3112; x_wconf 88' lang='lat' dir='ltr'><strong>de</strong></span> <span class='ocrx_word' id='word_1_256' title='bbox 1245 3047 1465 3111; x_wconf 86' lang='lat' dir='ltr'><strong>Golamesdorf</strong></span> <span class='ocrx_word' id='word_1_257' title='bbox 1484 3068 1541 3131; x_wconf 88' lang='lat' dir='ltr'><strong>pro</strong></span> <span class='ocrx_word' id='word_1_258' title='bbox 1565 3051 1624 3112; x_wconf 89' lang='lat' dir='ltr'><strong>tri·</strong></span> 
     </span>
     <span class='ocr_line' id='line_1_31' title="bbox 307 3137 1625 3221; baseline 0.002 -22"><span class='ocrx_word' id='word_1_259' title='bbox 307 3139 395 3220; x_wconf 82' lang='lat' dir='ltr'><strong>ginta</strong></span> <span class='ocrx_word' id='word_1_260' title='bbox 422 3141 535 3203; x_wconf 88' lang='lat' dir='ltr'><strong>marcis</strong></span> <span class='ocrx_word' id='word_1_261' title='bbox 556 3137 774 3219; x_wconf 79' lang='lat' dir='ltr'><strong>Fribargcnsis</strong></span> <span class='ocrx_word' id='word_1_262' title='bbox 799 3139 920 3219; x_wconf 82' lang='lat' dir='ltr'><strong>argenti</strong></span> <span class='ocrx_word' id='word_1_263' title='bbox 946 3139 1031 3201; x_wconf 90' lang='lat' dir='ltr'><strong>iusto</strong></span> <span class='ocrx_word' id='word_1_264' title='bbox 1060 3139 1229 3220; x_wconf 88' lang='lat' dir='ltr'><strong>emptionis</strong></span> <span class='ocrx_word' id='word_1_265' title='bbox 1255 3137 1346 3201; x_wconf 89' lang='lat' dir='ltr'><strong>titulo</strong></span> <span class='ocrx_word' id='word_1_266' title='bbox 1374 3147 1625 3221; x_wconf 68' lang='lat' dir='ltr'><strong>comparassent,</strong></span> 
     </span>
     <span class='ocr_line' id='line_1_32' title="bbox 308 3227 1624 3310; baseline 0.002 -20"><span class='ocrx_word' id='word_1_267' title='bbox 308 3247 443 3310; x_wconf 90' lang='lat' dir='ltr'><strong>quorum</strong></span> <span class='ocrx_word' id='word_1_268' title='bbox 468 3230 518 3292; x_wconf 91' lang='lat' dir='ltr'><strong>ius</strong></span> <span class='ocrx_word' id='word_1_269' title='bbox 538 3230 577 3291; x_wconf 92' lang='lat' dir='ltr'><strong>ad</strong></span> <span class='ocrx_word' id='word_1_270' title='bbox 602 3248 660 3292; x_wconf 90' lang='lat' dir='ltr'><strong>nos</strong></span> <span class='ocrx_word' id='word_1_271' title='bbox 682 3233 826 3310; x_wconf 88' lang='lat' dir='ltr'><strong>respectu</strong></span> <span class='ocrx_word' id='word_1_272' title='bbox 848 3228 981 3290; x_wconf 89' lang='lat' dir='ltr'><strong>dominii</strong></span> <span class='ocrx_word' id='word_1_273' title='bbox 1002 3229 1097 3291; x_wconf 87' lang='lat' dir='ltr'><strong>castri</strong></span> <span class='ocrx_word' id='word_1_274' title='bbox 1118 3229 1151 3289; x_wconf 94' lang='lat' dir='ltr'><strong>in</strong></span> <span class='ocrx_word' id='word_1_275' title='bbox 1163 3227 1332 3291; x_wconf 82' lang='lat' dir='ltr'><strong>Glillbench</strong></span> <span class='ocrx_word' id='word_1_276' title='bbox 1352 3228 1510 3309; x_wconf 87' lang='lat' dir='ltr'><strong>pertinere</strong></span> <span class='ocrx_word' id='word_1_277' title='bbox 1532 3229 1624 3292; x_wconf 90' lang='lat' dir='ltr'><strong>vidc-</strong></span> 
     </span>
     <span class='ocr_line' id='line_1_33' title="bbox 308 3315 1624 3396; baseline 0.002 -18"><span class='ocrx_word' id='word_1_278' title='bbox 308 3315 416 3396; x_wconf 80' lang='lat' dir='ltr'><strong>batnr,</strong></span> <span class='ocrx_word' id='word_1_279' title='bbox 444 3337 502 3380; x_wconf 91' lang='lat' dir='ltr'><strong>nos</strong></span> <span class='ocrx_word' id='word_1_280' title='bbox 529 3317 636 3380; x_wconf 89' lang='lat' dir='ltr'><strong>divine</strong></span> <span class='ocrx_word' id='word_1_281' title='bbox 661 3318 927 3381; x_wconf 84' lang='lat' dir='ltr'><strong>remunerationis</strong></span> <span class='ocrx_word' id='word_1_282' title='bbox 958 3318 1077 3380; x_wconf 86' lang='lat' dir='ltr'><strong>intuitu</strong></span> <span class='ocrx_word' id='word_1_283' title='bbox 1104 3317 1233 3380; x_wconf 85' lang='lat' dir='ltr'><strong>domino</strong></span> <span class='ocrx_word' id='word_1_284' title='bbox 1263 3316 1368 3381; x_wconf 86' lang='lat' dir='ltr'><strong>abbati</strong></span> <span class='ocrx_word' id='word_1_285' title='bbox 1391 3322 1422 3380; x_wconf 88' lang='lat' dir='ltr'><strong>et</strong></span> <span class='ocrx_word' id='word_1_286' title='bbox 1443 3321 1624 3381; x_wconf 85' lang='lat' dir='ltr'><strong>conventui</strong></span> 
     </span>
     <span class='ocr_line' id='line_1_34' title="bbox 308 3406 1626 3490; baseline 0.003 -23"><span class='ocrx_word' id='word_1_287' title='bbox 308 3407 457 3489; x_wconf 80' lang='lat' dir='ltr'><strong>predictis</strong></span> <span class='ocrx_word' id='word_1_288' title='bbox 479 3407 684 3485; x_wconf 82' lang='lat' dir='ltr'><strong>donavimus,</strong></span> <span class='ocrx_word' id='word_1_289' title='bbox 709 3406 905 3470; x_wconf 89' lang='lat' dir='ltr'><strong>contulimus</strong></span> <span class='ocrx_word' id='word_1_290' title='bbox 933 3411 963 3470; x_wconf 87' lang='lat' dir='ltr'><strong>et</strong></span> <span class='ocrx_word' id='word_1_291' title='bbox 988 3407 1261 3490; x_wconf 89' lang='lat' dir='ltr'><strong>appropriavimus</strong></span> <span class='ocrx_word' id='word_1_292' title='bbox 1283 3427 1319 3470; x_wconf 85' lang='lat' dir='ltr'><strong>ac</strong></span> <span class='ocrx_word' id='word_1_293' title='bbox 1340 3406 1543 3488; x_wconf 84' lang='lat' dir='ltr'><strong>presentibus</strong></span> <span class='ocrx_word' id='word_1_294' title='bbox 1566 3409 1626 3471; x_wconf 90' lang='lat' dir='ltr'><strong>do-</strong></span> 
     </span>
     <span class='ocr_line' id='line_1_35' title="bbox 308 3496 1624 3580; baseline 0.002 -23"><span class='ocrx_word' id='word_1_295' title='bbox 308 3515 436 3575; x_wconf 79' lang='lat' dir='ltr'><strong>namus,</strong></span> <span class='ocrx_word' id='word_1_296' title='bbox 462 3496 654 3558; x_wconf 85' lang='lat' dir='ltr'><strong>conferimus</strong></span> <span class='ocrx_word' id='word_1_297' title='bbox 679 3501 709 3559; x_wconf 91' lang='lat' dir='ltr'><strong>et</strong></span> <span class='ocrx_word' id='word_1_298' title='bbox 736 3497 976 3578; x_wconf 87' lang='lat' dir='ltr'><strong>appropriamus</strong></span> <span class='ocrx_word' id='word_1_299' title='bbox 997 3514 1091 3558; x_wconf 91' lang='lat' dir='ltr'><strong>omne</strong></span> <span class='ocrx_word' id='word_1_300' title='bbox 1110 3497 1162 3559; x_wconf 87' lang='lat' dir='ltr'><strong>ius</strong></span> <span class='ocrx_word' id='word_1_301' title='bbox 1183 3497 1381 3578; x_wconf 89' lang='lat' dir='ltr'><strong>proprietatis</strong></span> <span class='ocrx_word' id='word_1_302' title='bbox 1402 3497 1624 3580; x_wconf 87' lang='lat' dir='ltr'><strong>predictorum</strong></span> 
     </span>
     <span class='ocr_line' id='line_1_36' title="bbox 308 3585 1626 3668; baseline 0.002 -20"><span class='ocrx_word' id='word_1_303' title='bbox 308 3605 470 3668; x_wconf 76' lang='lat' dir='ltr'><strong>agrorum,</strong></span> <span class='ocrx_word' id='word_1_304' title='bbox 496 3585 586 3649; x_wconf 82' lang='lat' dir='ltr'><strong>fundi</strong></span> <span class='ocrx_word' id='word_1_305' title='bbox 616 3591 646 3650; x_wconf 92' lang='lat' dir='ltr'><strong>et</strong></span> <span class='ocrx_word' id='word_1_306' title='bbox 671 3585 862 3668; x_wconf 85' lang='lat' dir='ltr'><strong>superficiei,</strong></span> <span class='ocrx_word' id='word_1_307' title='bbox 891 3586 1023 3647; x_wconf 87' lang='lat' dir='ltr'><strong>dominii</strong></span> <span class='ocrx_word' id='word_1_308' title='bbox 1049 3585 1137 3648; x_wconf 90' lang='lat' dir='ltr'><strong>utilis</strong></span> <span class='ocrx_word' id='word_1_309' title='bbox 1158 3594 1189 3648; x_wconf 88' lang='lat' dir='ltr'><strong>et</strong></span> <span class='ocrx_word' id='word_1_310' title='bbox 1210 3587 1331 3667; x_wconf 87' lang='lat' dir='ltr'><strong>directi,</strong></span> <span class='ocrx_word' id='word_1_311' title='bbox 1360 3605 1434 3649; x_wconf 88' lang='lat' dir='ltr'><strong>cum</strong></span> <span class='ocrx_word' id='word_1_312' title='bbox 1454 3586 1626 3650; x_wconf 84' lang='lat' dir='ltr'><strong>adiacente</strong></span> 
     </span>
     <span class='ocr_line' id='line_1_37' title="bbox 307 3673 1628 3760; baseline 0.002 -23"><span class='ocrx_word' id='word_1_313' title='bbox 307 3675 397 3739; x_wconf 89' lang='lat' dir='ltr'><strong>litore</strong></span> <span class='ocrx_word' id='word_1_314' title='bbox 420 3697 456 3739; x_wconf 87' lang='lat' dir='ltr'><strong>ac</strong></span> <span class='ocrx_word' id='word_1_315' title='bbox 478 3678 586 3759; x_wconf 78' lang='lat' dir='ltr'><strong>pratis,</strong></span> <span class='ocrx_word' id='word_1_316' title='bbox 607 3677 742 3760; x_wconf 80' lang='lat' dir='ltr'><strong>pascuis,</strong></span> <span class='ocrx_word' id='word_1_317' title='bbox 763 3677 903 3755; x_wconf 80' lang='lat' dir='ltr'><strong>carectis,</strong></span> <span class='ocrx_word' id='word_1_318' title='bbox 924 3673 1075 3739; x_wconf 86' lang='lat' dir='ltr'><strong>salicibus</strong></span> <span class='ocrx_word' id='word_1_319' title='bbox 1090 3687 1121 3738; x_wconf 90' lang='lat' dir='ltr'><strong>et</strong></span> <span class='ocrx_word' id='word_1_320' title='bbox 1139 3676 1265 3756; x_wconf 91' lang='lat' dir='ltr'><strong>salictis,</strong></span> <span class='ocrx_word' id='word_1_321' title='bbox 1286 3677 1424 3740; x_wconf 89' lang='lat' dir='ltr'><strong>dumetis</strong></span> <span class='ocrx_word' id='word_1_322' title='bbox 1440 3681 1472 3740; x_wconf 86' lang='lat' dir='ltr'><strong>at</strong></span> <span class='ocrx_word' id='word_1_323' title='bbox 1488 3677 1628 3756; x_wconf 71' lang='lat' dir='ltr'><strong>rubetis</strong></span> 
     </span>
    </p>
   </div>
   <div class='ocr_carea' id='block_1_13' title="bbox 308 3765 1733 3850">
    <p class='ocr_par' dir='ltr' id='par_1_13' title="bbox 308 3765 1733 3850">
     <span class='ocr_line' id='line_1_38' title="bbox 308 3765 1733 3850; baseline 0.003 -24"><span class='ocrx_word' id='word_1_324' title='bbox 308 3766 369 3828; x_wconf 90' lang='lat' dir='ltr'><strong>viis</strong></span> <span class='ocrx_word' id='word_1_325' title='bbox 389 3771 420 3828; x_wconf 89' lang='lat' dir='ltr'><strong>et</strong></span> <span class='ocrx_word' id='word_1_326' title='bbox 441 3768 550 3846; x_wconf 84' lang='lat' dir='ltr'><strong>inviis,</strong></span> <span class='ocrx_word' id='word_1_327' title='bbox 570 3768 665 3847; x_wconf 86' lang='lat' dir='ltr'><strong>rivis,</strong></span> <span class='ocrx_word' id='word_1_328' title='bbox 690 3767 783 3850; x_wconf 90' lang='lat' dir='ltr'><strong>aquis</strong></span> <span class='ocrx_word' id='word_1_329' title='bbox 810 3785 1031 3849; x_wconf 89' lang='lat' dir='ltr'><strong>aquarumque</strong></span> <span class='ocrx_word' id='word_1_330' title='bbox 1056 3765 1243 3830; x_wconf 88' lang='lat' dir='ltr'><strong>decursibus</strong></span> <span class='ocrx_word' id='word_1_331' title='bbox 1263 3785 1300 3828; x_wconf 87' lang='lat' dir='ltr'><strong>ac</strong></span> <span class='ocrx_word' id='word_1_332' title='bbox 1320 3786 1382 3830; x_wconf 92' lang='lat' dir='ltr'><strong>usu</strong></span> <span class='ocrx_word' id='word_1_333' title='bbox 1407 3768 1507 3830; x_wconf 92' lang='lat' dir='ltr'><strong>unius</strong></span> <span class='ocrx_word' id='word_1_334' title='bbox 1527 3769 1627 3830; x_wconf 86' lang='lat' dir='ltr'><strong>navi·</strong></span> <span class='ocrx_word' id='word_1_335' title='bbox 1732 3813 1733 3830; x_wconf 50' lang='lat' dir='ltr'><strong>r</strong></span> 
     </span>
    </p>
   </div>
   <div class='ocr_carea' id='block_1_14' title="bbox 306 3855 1630 4480">
    <p class='ocr_par' dir='ltr' id='par_1_14' title="bbox 306 3855 1630 4480">
     <span class='ocr_line' id='line_1_39' title="bbox 308 3855 1628 3940; baseline 0.001 -21"><span class='ocrx_word' id='word_1_336' title='bbox 308 3856 382 3936; x_wconf 77' lang='lat' dir='ltr'><strong>cule</strong></span> <span class='ocrx_word' id='word_1_337' title='bbox 410 3857 557 3938; x_wconf 90' lang='lat' dir='ltr'><strong>predictis</strong></span> <span class='ocrx_word' id='word_1_338' title='bbox 589 3859 673 3940; x_wconf 89' lang='lat' dir='ltr'><strong>agris</strong></span> <span class='ocrx_word' id='word_1_339' title='bbox 693 3876 820 3919; x_wconf 85' lang='lat' dir='ltr'><strong>annexu</strong></span> <span class='ocrx_word' id='word_1_340' title='bbox 841 3876 877 3918; x_wconf 91' lang='lat' dir='ltr'><strong>ac</strong></span> <span class='ocrx_word' id='word_1_341' title='bbox 898 3856 968 3918; x_wconf 89' lang='lat' dir='ltr'><strong>aliis</strong></span> <span class='ocrx_word' id='word_1_342' title='bbox 991 3855 1102 3919; x_wconf 90' lang='lat' dir='ltr'><strong>usibus</strong></span> <span class='ocrx_word' id='word_1_343' title='bbox 1123 3875 1180 3919; x_wconf 92' lang='lat' dir='ltr'><strong>seu</strong></span> <span class='ocrx_word' id='word_1_344' title='bbox 1202 3855 1397 3938; x_wconf 88' lang='lat' dir='ltr'><strong>appendiciis</strong></span> <span class='ocrx_word' id='word_1_345' title='bbox 1418 3855 1628 3938; x_wconf 89' lang='lat' dir='ltr'><strong>quibuscun-</strong></span> 
     </span>
     <span class='ocr_line' id='line_1_40' title="bbox 309 3948 1627 4029; baseline 0.001 -19"><span class='ocrx_word' id='word_1_346' title='bbox 309 3967 383 4029; x_wconf 83' lang='lat' dir='ltr'><strong>que,</strong></span> <span class='ocrx_word' id='word_1_347' title='bbox 412 3948 636 4012; x_wconf 87' lang='lat' dir='ltr'><strong>t1·anst&#39;ereutes</strong></span> <span class='ocrx_word' id='word_1_348' title='bbox 662 3967 788 4010; x_wconf 90' lang='lat' dir='ltr'><strong>omnem</strong></span> <span class='ocrx_word' id='word_1_349' title='bbox 818 3948 1049 4029; x_wconf 90' lang='lat' dir='ltr'><strong>possessionem</strong></span> <span class='ocrx_word' id='word_1_350' title='bbox 1075 3949 1378 4028; x_wconf 87' lang='lat' dir='ltr'><strong>prememoratorum</strong></span> <span class='ocrx_word' id='word_1_351' title='bbox 1405 3965 1562 4028; x_wconf 87' lang='lat' dir='ltr'><strong>agrorum</strong></span> <span class='ocrx_word' id='word_1_352' title='bbox 1592 3949 1627 4011; x_wconf 91' lang='lat' dir='ltr'><strong>in</strong></span> 
     </span>
     <span class='ocr_line' id='line_1_41' title="bbox 306 4033 1629 4119; baseline 0.003 -20"><span class='ocrx_word' id='word_1_353' title='bbox 306 4037 483 4100; x_wconf 88' lang='lat' dir='ltr'><strong>dominium</strong></span> <span class='ocrx_word' id='word_1_354' title='bbox 506 4037 725 4118; x_wconf 88' lang='lat' dir='ltr'><strong>religiosorum</strong></span> <span class='ocrx_word' id='word_1_355' title='bbox 747 4037 971 4119; x_wconf 75' lang='lat' dir='ltr'><strong>predictorum,</strong></span> <span class='ocrx_word' id='word_1_356' title='bbox 994 4035 1135 4099; x_wconf 85' lang='lat' dir='ltr'><strong>volentes</strong></span> <span class='ocrx_word' id='word_1_357' title='bbox 1156 4037 1241 4117; x_wconf 91' lang='lat' dir='ltr'><strong>ipsos</strong></span> <span class='ocrx_word' id='word_1_358' title='bbox 1263 4055 1319 4118; x_wconf 91' lang='lat' dir='ltr'><strong>pro</strong></span> <span class='ocrx_word' id='word_1_359' title='bbox 1337 4033 1431 4098; x_wconf 89' lang='lat' dir='ltr'><strong>nobis</strong></span> <span class='ocrx_word' id='word_1_360' title='bbox 1447 4055 1484 4098; x_wconf 88' lang='lat' dir='ltr'><strong>ac</strong></span> <span class='ocrx_word' id='word_1_361' title='bbox 1501 4041 1629 4102; x_wconf 88' lang='lat' dir='ltr'><strong>uostris</strong></span> 
     </span>
     <span class='ocr_line' id='line_1_42' title="bbox 307 4125 1627 4209; baseline 0.002 -19"><span class='ocrx_word' id='word_1_362' title='bbox 307 4129 544 4191; x_wconf 85' lang='lat' dir='ltr'><strong>successoribus</strong></span> <span class='ocrx_word' id='word_1_363' title='bbox 571 4148 607 4190; x_wconf 86' lang='lat' dir='ltr'><strong>ac</strong></span> <span class='ocrx_word' id='word_1_364' title='bbox 636 4127 785 4190; x_wconf 92' lang='lat' dir='ltr'><strong>omnibus</strong></span> <span class='ocrx_word' id='word_1_365' title='bbox 816 4126 886 4189; x_wconf 88' lang='lat' dir='ltr'><strong>aliis</strong></span> <span class='ocrx_word' id='word_1_366' title='bbox 916 4145 1012 4209; x_wconf 87' lang='lat' dir='ltr'><strong>super</strong></span> <span class='ocrx_word' id='word_1_367' title='bbox 1040 4125 1190 4188; x_wconf 89' lang='lat' dir='ltr'><strong>omuibus</strong></span> <span class='ocrx_word' id='word_1_368' title='bbox 1218 4125 1357 4204; x_wconf 83' lang='lat' dir='ltr'><strong>iuribus,</strong></span> <span class='ocrx_word' id='word_1_369' title='bbox 1386 4145 1450 4207; x_wconf 80' lang='lat' dir='ltr'><strong>que</strong></span> <span class='ocrx_word' id='word_1_370' title='bbox 1472 4126 1572 4192; x_wconf 87' lang='lat' dir='ltr'><strong>nobis</strong></span> <span class='ocrx_word' id='word_1_371' title='bbox 1592 4131 1627 4191; x_wconf 92' lang='lat' dir='ltr'><strong>iu</strong></span> 
     </span>
     <span class='ocr_line' id='line_1_43' title="bbox 307 4215 1628 4300; baseline 0.002 -20"><span class='ocrx_word' id='word_1_372' title='bbox 307 4218 454 4299; x_wconf 90' lang='lat' dir='ltr'><strong>predictis</strong></span> <span class='ocrx_word' id='word_1_373' title='bbox 477 4217 568 4280; x_wconf 92' lang='lat' dir='ltr'><strong>bonis</strong></span> <span class='ocrx_word' id='word_1_374' title='bbox 589 4216 808 4300; x_wconf 84' lang='lat' dir='ltr'><strong>competebant</strong></span> <span class='ocrx_word' id='word_1_375' title='bbox 828 4236 884 4279; x_wconf 91' lang='lat' dir='ltr'><strong>seu</strong></span> <span class='ocrx_word' id='word_1_376' title='bbox 904 4219 1080 4297; x_wconf 89' lang='lat' dir='ltr'><strong>competere</strong></span> <span class='ocrx_word' id='word_1_377' title='bbox 1101 4222 1237 4299; x_wconf 79' lang='lat' dir='ltr'><strong>possent,</strong></span> <span class='ocrx_word' id='word_1_378' title='bbox 1258 4215 1457 4278; x_wconf 87' lang='lat' dir='ltr'><strong>iusticialiter</strong></span> <span class='ocrx_word' id='word_1_379' title='bbox 1472 4237 1628 4299; x_wconf 70' lang='lat' dir='ltr'><strong>graran-</strong></span> 
     </span>
     <span class='ocr_line' id='line_1_44' title="bbox 307 4304 1630 4392; baseline 0.004 -24"><span class='ocrx_word' id='word_1_380' title='bbox 307 4307 390 4370; x_wconf 90' lang='lat' dir='ltr'><strong>dare.</strong></span> <span class='ocrx_word' id='word_1_381' title='bbox 433 4306 581 4387; x_wconf 73' lang='lat' dir='ltr'><strong>Ceterum</strong></span> <span class='ocrx_word' id='word_1_382' title='bbox 602 4307 698 4368; x_wconf 85' lang='lat' dir='ltr'><strong>irater</strong></span> <span class='ocrx_word' id='word_1_383' title='bbox 718 4304 896 4368; x_wconf 74' lang='lat' dir='ltr'><strong>Fridericus</strong></span> <span class='ocrx_word' id='word_1_384' title='bbox 917 4306 1020 4368; x_wconf 90' lang='lat' dir='ltr'><strong>dictus</strong></span> <span class='ocrx_word' id='word_1_385' title='bbox 1042 4305 1080 4368; x_wconf 89' lang='lat' dir='ltr'><strong>do</strong></span> <span class='ocrx_word' id='word_1_386' title='bbox 1094 4304 1370 4387; x_wconf 86' lang='lat' dir='ltr'><strong>Werengeslruseu</strong></span> <span class='ocrx_word' id='word_1_387' title='bbox 1397 4311 1501 4370; x_wconf 89' lang='lat' dir='ltr'><strong>rector</strong></span> <span class='ocrx_word' id='word_1_388' title='bbox 1529 4311 1630 4392; x_wconf 68' lang='lat' dir='ltr'><strong>curie</strong></span> 
     </span>
     <span class='ocr_line' id='line_1_45' title="bbox 308 4395 1629 4480; baseline 0.004 -20"><span class='ocrx_word' id='word_1_389' title='bbox 308 4399 341 4460; x_wconf 92' lang='lat' dir='ltr'><strong>in</strong></span> <span class='ocrx_word' id='word_1_390' title='bbox 353 4396 556 4475; x_wconf 78' lang='lat' dir='ltr'><strong>Borsindorli,</strong></span> <span class='ocrx_word' id='word_1_391' title='bbox 575 4415 671 4479; x_wconf 90' lang='lat' dir='ltr'><strong>quem</strong></span> <span class='ocrx_word' id='word_1_392' title='bbox 688 4396 755 4458; x_wconf 92' lang='lat' dir='ltr'><strong>suis</strong></span> <span class='ocrx_word' id='word_1_393' title='bbox 772 4396 892 4458; x_wconf 90' lang='lat' dir='ltr'><strong>meritis</strong></span> <span class='ocrx_word' id='word_1_394' title='bbox 908 4395 1110 4478; x_wconf 84' lang='lat' dir='ltr'><strong>exigentibus</strong></span> <span class='ocrx_word' id='word_1_395' title='bbox 1125 4396 1232 4459; x_wconf 83' lang='lat' dir='ltr'><strong>lavore</strong></span> <span class='ocrx_word' id='word_1_396' title='bbox 1243 4396 1469 4478; x_wconf 87' lang='lat' dir='ltr'><strong>prosequimur</strong></span> <span class='ocrx_word' id='word_1_397' title='bbox 1478 4402 1629 4480; x_wconf 85' lang='lat' dir='ltr'><strong>speciali,</strong></span> 
     </span>
    </p>
   </div>
   <div class='ocr_carea' id='block_1_15' title="bbox 309 4485 1733 4570">
    <p class='ocr_par' dir='ltr' id='par_1_15' title="bbox 309 4485 1733 4570">
     <span class='ocr_line' id='line_1_46' title="bbox 309 4485 1733 4570; baseline 0.008 -21"><span class='ocrx_word' id='word_1_398' title='bbox 309 4488 364 4569; x_wconf 90' lang='lat' dir='ltr'><strong>qui</strong></span> <span class='ocrx_word' id='word_1_399' title='bbox 383 4489 478 4549; x_wconf 85' lang='lat' dir='ltr'><strong>etiam</strong></span> <span class='ocrx_word' id='word_1_400' title='bbox 499 4487 533 4549; x_wconf 92' lang='lat' dir='ltr'><strong>in</strong></span> <span class='ocrx_word' id='word_1_401' title='bbox 554 4486 716 4570; x_wconf 90' lang='lat' dir='ltr'><strong>premissis</strong></span> <span class='ocrx_word' id='word_1_402' title='bbox 738 4485 925 4567; x_wconf 87' lang='lat' dir='ltr'><strong>plerumque</strong></span> <span class='ocrx_word' id='word_1_403' title='bbox 945 4505 1041 4549; x_wconf 89' lang='lat' dir='ltr'><strong>causa</strong></span> <span class='ocrx_word' id='word_1_404' title='bbox 1062 4486 1175 4565; x_wconf 68' lang='lat' dir='ltr'><strong>extitit</strong></span> <span class='ocrx_word' id='word_1_405' title='bbox 1195 4487 1400 4550; x_wconf 88' lang='lat' dir='ltr'><strong>considerans</strong></span> <span class='ocrx_word' id='word_1_406' title='bbox 1416 4493 1529 4569; x_wconf 68' lang='lat' dir='ltr'><strong>nostre</strong></span> <span class='ocrx_word' id='word_1_407' title='bbox 1545 4491 1628 4557; x_wconf 90' lang='lat' dir='ltr'><strong>libe·</strong></span> <span class='ocrx_word' id='word_1_408' title='bbox 1732 4509 1733 4560; x_wconf 60' lang='grc' dir='ltr'>ξ</span> 
     </span>
    </p>
   </div>
   <div class='ocr_carea' id='block_1_16' title="bbox 307 4576 1627 4660">
    <p class='ocr_par' dir='ltr' id='par_1_16' title="bbox 307 4576 1627 4660">
     <span class='ocr_line' id='line_1_47' title="bbox 307 4576 1627 4660; baseline 0.006 -18"><span class='ocrx_word' id='word_1_409' title='bbox 307 4577 440 4644; x_wconf 86' lang='lat' dir='ltr'><strong>ralitatis</strong></span> <span class='ocrx_word' id='word_1_410' title='bbox 462 4577 704 4643; x_wconf 86' lang='lat' dir='ltr'><strong>benivolentiam</strong></span> <span class='ocrx_word' id='word_1_411' title='bbox 731 4581 799 4642; x_wconf 83' lang='lat' dir='ltr'><strong>octo</strong></span> <span class='ocrx_word' id='word_1_412' title='bbox 819 4576 941 4642; x_wconf 86' lang='lat' dir='ltr'><strong>maldra</strong></span> <span class='ocrx_word' id='word_1_413' title='bbox 962 4595 1092 4658; x_wconf 77' lang='lat' dir='ltr'><strong>annone</strong></span> <span class='ocrx_word' id='word_1_414' title='bbox 1112 4597 1168 4660; x_wconf 90' lang='lat' dir='ltr'><strong>pro</strong></span> <span class='ocrx_word' id='word_1_415' title='bbox 1192 4576 1368 4642; x_wconf 88' lang='lat' dir='ltr'><strong>memoriali</strong></span> <span class='ocrx_word' id='word_1_416' title='bbox 1389 4577 1482 4646; x_wconf 87' lang='lat' dir='ltr'><strong>nobis</strong></span> <span class='ocrx_word' id='word_1_417' title='bbox 1503 4579 1627 4650; x_wconf 86' lang='lat' dir='ltr'><strong>libera-</strong></span> 
     </span>
    </p>
   </div>
   <div class='ocr_carea' id='block_1_17' title="bbox 0 0 1769 5148">
    <p class='ocr_par' dir='ltr' id='par_1_17' title="bbox 0 0 1769 5148">
     <span class='ocr_line' id='line_1_48' title="bbox 0 0 1769 5148; baseline 0 0"><span class='ocrx_word' id='word_1_418' title='bbox 0 0 1769 5148; x_wconf 95' lang='lat' dir='ltr'><strong> </strong></span> 
     </span>
    </p>
   </div>
  </div>
 </body>
</html>
