3402 5152
615 417 823 484 saaca-scr.
845 412 921 488 rada.
1375 417 1428 484 ese
1493 424 1498 430 ·

121 583 148 644 et
175 575 398 665 temporalium
428 578 658 664 stipendiorum
683 577 834 643 subsidiis
854 577 1056 662 providencia
1080 575 1277 659 vigilanciori
1300 583 1331 640 et
1350 597 1428 643 cura

122 672 318 755 propensiori
344 671 572 749 inserviamus,
599 675 649 743 ut,
677 671 753 734 dum
781 689 890 733 eorum
918 670 988 752 paci
1016 673 1047 732 et
1067 667 1311 750 contemplative
1331 673 1432 753 quieti

124 769 272 825 accurate
299 761 508 842 intendimus,
539 779 597 824 nos
626 780 755 844 quoque
780 763 923 843 ipsorum
951 758 1068 822 laboris
1095 765 1125 822 et
1150 759 1431 842 contemplacionis

124 851 209 934 apud
231 851 396 914 dominum
417 852 585 937 participes
608 852 819 916 inveniamur.
856 848 1008 912 Noverint
1030 850 1126 931 igitur
1147 849 1290 912 universi
1313 849 1427 914 Christi

126 941 237 1004 fideles
250 948 313 1005 tam
327 944 444 1024 posteri
459 961 555 1025 quam
571 949 760 1025 presentem,
781 940 867 1024 qnod
882 958 993 1002 omnes
1011 938 1193 1002 libertatum
1208 943 1428 1006 concessiones

123 1051 234 1096 omnes
262 1032 419 1096 bonorum
450 1033 641 1096 donaciones
670 1034 737 1096 sive
764 1031 1038 1115 appropriuciones
1061 1028 1257 1112 ubicumque
1279 1029 1430 1108 locorum,

122 1142 204 1206 quos
233 1129 323 1206 pater
353 1129 462 1187 noster
493 1126 560 1186 suis
591 1123 787 1208 temporibus
817 1121 963 1185 Portensi
995 1119 1126 1184 ecclesie
1154 1120 1268 1184 fecisse
1296 1141 1333 1185 ac
1363 1126 1431 1188 suis

120 1213 344 1276 instrumentis
368 1211 550 1276 roborasseh
573 1211 756 1292 dinoscitur,
778 1231 837 1274 nos
857 1210 1059 1295 approbando
1072 1209 1268 1274 ratificamus
1282 1220 1431 1294 etgratas

119 1301 276 1366 habemus
296 1306 335 1382 et,
354 1301 446 1366 sicud
466 1303 534 1386 ipse
553 1301 639 1366 fideli
653 1303 828 1366 devocione
841 1302 1005 1380 concessit,
1026 1300 1155 1363 donavit
1167 1307 1198 1362 et
1212 1304 1431 1386 appropriavit,

119 1393 160 1455 ita
172 1399 206 1456 et
219 1412 278 1456 nos
292 1393 509 1472 concedimus,
525 1391 681 1456 donamus
695 1398 727 1456 et
741 1393 986 1476 appropriamus
1001 1390 1142 1456 volentes
1156 1391 1260 1474 ipsum
1278 1389 1430 1460 Portense

119 1481 306 1562 cenobium,
336 1481 421 1566 quod
449 1482 607 1564 singulari
629 1502 754 1566 semper
774 1483 946 1545 devocione
967 1480 1138 1561 coluimus,
1164 1493 1195 1544 et
1215 1481 1327 1546 fratres
1350 1486 1428 1552 inibi

119 1574 323 1649 constitutos,
353 1593 434 1656 quos
464 1573 591 1656 speciali
618 1574 724 1656 gracia
754 1577 784 1636 et
808 1573 917 1636 favore
937 1573 1176 1655 prosequimur,
1195 1579 1352 1638 'concessa
1370 1578 1430 1642 sibi

118 1661 264 1726 libertate
292 1664 429 1746 gaudere
458 1669 489 1726 et
510 1663 624 1726 collata
646 1665 713 1726 sive
736 1663 933 1746 appropriata
951 1661 1079 1746 pacifice
1101 1667 1132 1724 et
1153 1664 1258 1744 quiete
1279 1676 1430 1748 perpetuo

120 1755 290 1836 possidere.
338 1753 377 1816 In
408 1755 500 1818 ouius
531 1755 576 1818 rei
607 1753 804 1817 evidenciam
835 1759 1013 1836 presentem
1042 1752 1176 1815 litteram
1205 1753 1300 1836 sigilli
1330 1763 1430 1822 nostri

123 1846 318 1928 appensione
339 1845 496 1907 iussimus
517 1843 666 1906 roborari.
696 1841 809 1905 Testes·
824 1841 921 1905 huius
943 1844 988 1904 rei
1010 1847 1086 1905 sunt
1107 1845 1257 1924 magister
1270 1844 1430 1915 Iohannes

118 1935 380 2019 prothonotarius
400 1941 514 2011 noster,
534 1933 687 1998 Thammo
711 1933 749 1996 de
764 1931 932 2006 Haldeche‚
952 1931 1157 2015 Rudegerus⁰
1179 1933 1218 1998 de
1239 1934 1428 2023 Geilnowe'l,

119 2024 303 2088 Heuricus⁰
321 2025 360 2088 de
378 2023 543 2103 Kchericz,
567 2023 719 2087 Sifridusl
741 2021 985 2087 dictusWilden
1007 2024 1123 2087 milites
1144 2027 1252 2104 nostri,
1271 2025 1430 2097 Rudolfus

120 2113 325 2194 deBuuovve,
347 2113 420 2177 Otto
442 2111 652 2178 deKothvvicz
674 2114 773 2178 nostri
795 2111 903 2176 fideles
919 2121 949 2178 et
966 2113 1020 2176 alii
1033 2133 1126 2196 quam
1139 2115 1246 2196 plures
1260 2115 1323 2180 fide
1334 2119 1429 2204 digni.

117 2201 241 2268 Datum
263 2203 402 2288 Lipezrr
421 2223 508 2267 anno
531 2204 651 2268 domini
673 2211 775 2268 MCCC
787 2212 824 2280 11,
845 2207 990 2286 sequenti
1011 2205 1062 2266 die
1080 2205 1169 2286 posth
1191 2203 1328 2272 Cineres

191 2331 473 2401 'tam-presentes
490 2332 558 2399 fehlt
577 2329 607 2386 D
682 2321 859 2386 ”roborasse
878 2330 1070 2384 instrumentis
1089 2326 1122 2383 N
1192 2331 1381 2405 cBudegerus
1400 2335 1434 2390 N

115 2402 378 2564 lffieffispde
403 2409 545 2466 Geilnovve
567 2412 635 2478 sebit
657 2411 688 2464 D
766 2409 870 2466 θΗΙ)
949 2399 1112 2480 ftl'riridrus
1139 2409 1168 2463 D
1247 2413 1380 2484 ssLipzik
1401 2417 1431 2471 N

652 2601 903 2612 “qn—nunnun-

112 2661 237 2745 1302.
265 2658 385 2741 narn
404 2660 462 2742 17.
1334 2667 1428 2753 364.

202 2805 275 2870 Das
304 2805 433 2871 Klostcr
464 2805 702 2888 Kapellendorf
732 2805 882 2887 cutuuft
918 2810 940 2872 2
971 2804 1082 2888 Hcfan
1117 2808 1153 2872 ic
1188 2807 1342 2876 Nausicdt
1373 2817 1430 2896 fair

156 2902 205 2962 13
226 2897 327 2961 Marc
348 2918 393 2960 an
414 2897 474 2960 dus
495 2895 622 2962 Klostcr
645 2895 759 2979 Psorte.

274 3025 422 3096 nuceas
435 3025 460 3078 Τ
467 3014 545 3084 186δ,
582 3014 673 3078 D97b
692 3025 745 3092 (tit.
765 3023 942 3091 Nuenstete).

272 3117 387 3201 Druclc:
404 3116 541 3172 Deutscb:
572 3115 653 3184 Wolff
661 3117 704 3183 Il,
725 3121 787 3176 289,

202 3239 269 3306 Nos
288 3240 501 3304 Theodericus
522 3239 571 3302 dei
595 3240 700 3321 gracia
721 3240 907 3323 prepositus
930 3238 1112 3304 Adelheidis
1126 3240 1293 3326 abbatissa,
1313 3245 1429 3332 Sophia

108 3334 273 3417 priorissa
293 3337 444 3415 totusque
465 3337 644 3394 conventus
665 3329 954 3393 sanctimonialium
969 3331 1002 3391 in
1020 3329 1265 3418 Capelindorph⁸
1279 3338 1429 3404 omnibus

109 3423 240 3486 Christi
262 3421 412 3485 fidelibus
437 3423 473 3484 iu
500 3426 697 3505 perpetuum.
740 3418 898 3494 Quoniam
926 3419 1067 3482 humana
1084 3425 1237 3487 memoria
1257 3426 1360 3491 labilis
1381 3435 1429 3494 est

107 3518 143 3576 et
174 3529 235 3595 per
265 3529 434 3576 successus
466 3517 645 3594 temporum
675 3510 785 3573 multis
812 3508 1011 3573 oblivionum
1038 3511 1199 3577 erroribus
1233 3515 1428 3603 obscuratur,
1503 3567 1504 3570 ,

105 3601 323 3667 universitati
354 3602 553 3686 presencium
583 3599 730 3662 videlicet
756 3605 786 3662 et
813 3599 994 3664 futurorum
1027 3600 1160 3685 dignum
1193 3605 1346 3672 duximus
1376 3610 1429 3674 de-

104 3693 254 3772 clarare,
281 3691 368 3775 quod
386 3709 536 3755 mansum
556 3690 650 3754 illum
671 3690 706 3752 in
727 3687 757 3752 N
760 3696 902 3753 neustete
909 3739 917 3770 ,
946 3709 1042 3773 quem
1063 3692 1258 3760 honorabilis
1279 3699 1428 3765 dominus

105 3783 289 3848 Conradus
315 3784 467 3867 pincerna
495 3782 534 3846 de
559 3781 692 3845 Salehhe
725 3780 763 3843 de
793 3800 953 3844 consensu
981 3782 1134 3846 heredum
1163 3805 1294 3851 sucrum
1323 3797 1428 3855 nostre

102 3875 253 3940 ecclesie
273 3892 330 3956 pro
352 3871 417 3935 filia
439 3892 498 3936 sua
520 3871 657 3935 fideliter
675 3871 790 3935 obtulit
811 3877 842 3933 et
861 3873 895 3934 in
917 3874 1083 3956 proprium
1103 3873 1201 3956 dedit,
1230 3879 1305 3942 item
1328 3881 1427 3946 alium

101 3983 271 4030 mansum
293 3965 327 4025 in
350 3963 458 4026 eadem
481 3962 559 4025 villa
580 3963 692 4043 situm,
718 3980 814 4044 quem
837 3962 876 4024 ab
899 3982 935 4026 eo
956 3981 1013 4046 pro
1035 3969 1154 4046 septem
1177 3970 1292 4032 marcis
1314 3989 1428 4056 conpa-

98 4063 228 4120 ratum
256 4053 402 4116 similiter
431 4053 561 4132 ecclesie
584 4058 691 4116 nostre
712 4053 937 4136 adpropriavit,
965 4054 1024 4116 hos
1044 4057 1176 4137 inquam
1198 4059 1278 4122 duos
1299 4079 1428 4126 mansos

101 4165 196 4211 cum
226 4145 293 4207 suis
319 4144 522 4226 pertinenciis
541 4163 579 4206 ac
601 4143 751 4206 omnibus
773 4143 964 4206 utilitatibus
984 4146 1018 4207 in
1040 4163 1136 4208 evum
1158 4146 1273 4213 abinde
1292 4171 1428 4234 proven·

97 4238 204 4303 turis
225 4235 353 4298 domino
375 4233 481 4298 abbati
499 4241 531 4299 et
550 4234 684 4316 ecclesie
700 4233 845 4298 Portensi
865 4255 921 4317 pro
932 4235 1080 4299 tredecim
1097 4239 1211 4302 marcis
1226 4241 1429 4307 vendidImus

97 4323 346 4393 transferentes
375 4326 428 4388 ius
457 4326 668 4408 proprietatio,
704 4324 792 4408 quod
821 4326 855 4387 in
886 4327 963 4407 ipsis
994 4325 1180 4408 habuimus,
1209 4331 1243 4393 in
1274 4333 1428 4413 prefatam

95 4421 309 4485 Portensem
329 4415 503 4496 ecclesiam,
523 4417 568 4479 ita
588 4420 625 4479 ut
645 4416 714 4499 ipsa
729 4414 890 4480 Portensis
912 4415 1044 4480 ecclesia
1064 4417 1121 4480 hos
1136 4437 1265 4484 mansos
1277 4429 1428 4506 perpetuo

96 4504 251 4595 pacifice
281 4505 441 4590 possideat
473 4514 504 4570 et
531 4507 649 4590 quiete,
680 4507 718 4570 ad
745 4505 938 4568 warandiam
965 4506 1065 4569 nihilo
1092 4510 1199 4572 minus
1229 4512 1427 4579 venditorum

95 4596 301 4668 secuudum
323 4600 408 4679 terre
429 4595 693 4662 consuetudinem
716 4615 775 4660 nos
796 4601 827 4660 et
839 4600 983 4660 nostrum
999 4601 1228 4664 monasterium
1243 4601 1427 4688 obligantes.
