<?xml version="1.0" encoding="UTF-8"?>
<!DOCTYPE html PUBLIC "-//W3C//DTD XHTML 1.0 Transitional//EN"
    "http://www.w3.org/TR/xhtml1/DTD/xhtml1-transitional.dtd">
<html xmlns="http://www.w3.org/1999/xhtml" xml:lang="en" lang="en">
 <head>
  <title>
</title>
<meta http-equiv="Content-Type" content="text/html;charset=utf-8" />
  <meta name='ocr-system' content='tesseract 3.04.00' />
  <meta name='ocr-capabilities' content='ocr_page ocr_carea ocr_par ocr_line ocrx_word'/>
</head>
<body>
  <div class='ocr_page' id='page_1' title='image "./urkundenbuchdes00pforgoog_0080.png"; bbox 0 0 3442 5148; ppageno 0'>
   <div class='ocr_carea' id='block_1_1' title="bbox 352 349 1286 413">
    <p class='ocr_par' dir='ltr' id='par_1_1' title="bbox 352 240 1685 428">
     <span class='ocr_line' id='line_1_1' title="bbox 352 349 1286 413; baseline 0.009 -11"><span class='ocrx_word' id='word_1_1' title='bbox 352 349 386 402; x_wconf 82' lang='lat'>54</span> <span class='ocrx_word' id='word_1_2' title='bbox 721 351 949 408; x_wconf 84' lang='lat' dir='ltr'>Urkundcnbuch</span> <span class='ocrx_word' id='word_1_3' title='bbox 971 353 1019 408; x_wconf 86' lang='lat' dir='ltr'>dea</span> <span class='ocrx_word' id='word_1_4' title='bbox 1039 353 1165 410; x_wconf 78' lang='lat' dir='ltr'>Klostam</span> <span class='ocrx_word' id='word_1_5' title='bbox 1184 353 1286 413; x_wconf 80' lang='lat' dir='ltr'>Pioru.</span> 
     </span>
    </p>
   </div>
   <div class='ocr_carea' id='block_1_2' title="bbox 275 503 1694 2366">
    <p class='ocr_par' dir='ltr' id='par_1_2' title="bbox 352 434 1692 1757">
     <span class='ocr_line' id='line_1_2' title="bbox 352 503 1642 587; baseline 0 -19"><span class='ocrx_word' id='word_1_6' title='bbox 352 505 517 587; x_wconf 71' lang='lat' dir='ltr'>largitione</span> <span class='ocrx_word' id='word_1_7' title='bbox 539 523 651 586; x_wconf 89' lang='lat' dir='ltr'>regum</span> <span class='ocrx_word' id='word_1_8' title='bbox 673 503 724 566; x_wconf 91' lang='lat' dir='ltr'>vel</span> <span class='ocrx_word' id='word_1_9' title='bbox 745 505 933 587; x_wconf 80' lang='lat' dir='ltr'>principum,</span> <span class='ocrx_word' id='word_1_10' title='bbox 954 505 1112 569; x_wconf 87' lang='lat' dir='ltr'>oblatione</span> <span class='ocrx_word' id='word_1_11' title='bbox 1133 505 1278 569; x_wconf 87' lang='lat' dir='ltr'>fidelium</span> <span class='ocrx_word' id='word_1_12' title='bbox 1299 512 1355 569; x_wconf 88' lang='lat' dir='ltr'>aut</span> <span class='ocrx_word' id='word_1_13' title='bbox 1370 505 1486 570; x_wconf 62' lang='lat' dir='ltr'>laborev</span> <span class='ocrx_word' id='word_1_14' title='bbox 1499 507 1642 570; x_wconf 87' lang='lat' dir='ltr'>sollertia-</span> 
     </span>
     <span class='ocr_line' id='line_1_3' title="bbox 353 592 1641 679; baseline 0.001 -22"><span class='ocrx_word' id='word_1_15' title='bbox 353 613 415 676; x_wconf 89' lang='lat' dir='ltr'>que</span> <span class='ocrx_word' id='word_1_16' title='bbox 436 594 570 656; x_wconf 80' lang='lat' dir='ltr'>fratrum</span> <span class='ocrx_word' id='word_1_17' title='bbox 592 593 659 656; x_wconf 88' lang='lat' dir='ltr'>sive</span> <span class='ocrx_word' id='word_1_18' title='bbox 687 592 757 657; x_wconf 88' lang='lat' dir='ltr'>aliis</span> <span class='ocrx_word' id='word_1_19' title='bbox 784 595 876 658; x_wconf 91' lang='lat' dir='ltr'>iustis</span> <span class='ocrx_word' id='word_1_20' title='bbox 902 595 1005 658; x_wconf 92' lang='lat' dir='ltr'>modis</span> <span class='ocrx_word' id='word_1_21' title='bbox 1026 595 1188 659; x_wconf 87' lang='lat' dir='ltr'>Portensis</span> <span class='ocrx_word' id='word_1_22' title='bbox 1211 595 1346 660; x_wconf 89' lang='lat' dir='ltr'>ecclesia</span> <span class='ocrx_word' id='word_1_23' title='bbox 1371 597 1404 659; x_wconf 92' lang='lat' dir='ltr'>in</span> <span class='ocrx_word' id='word_1_24' title='bbox 1431 597 1570 679; x_wconf 81' lang='lat' dir='ltr'>presenti</span> <span class='ocrx_word' id='word_1_25' title='bbox 1593 617 1641 659; x_wconf 88' lang='lat' dir='ltr'>seii</span> 
     </span>
     <span class='ocr_line' id='line_1_4' title="bbox 353 683 1643 768; baseline 0.001 -22"><span class='ocrx_word' id='word_1_26' title='bbox 353 685 384 746; x_wconf 93' lang='lat' dir='ltr'>in</span> <span class='ocrx_word' id='word_1_27' title='bbox 406 685 514 747; x_wconf 88' lang='lat' dir='ltr'>futuro</span> <span class='ocrx_word' id='word_1_28' title='bbox 535 683 689 768; x_wconf 76' lang='lat' dir='ltr'>possedit,</span> <span class='ocrx_word' id='word_1_29' title='bbox 716 703 884 747; x_wconf 82' lang='lat' dir='ltr'>censemus</span> <span class='ocrx_word' id='word_1_30' title='bbox 911 686 940 748; x_wconf 92' lang='lat' dir='ltr'>ei</span> <span class='ocrx_word' id='word_1_31' title='bbox 968 689 1036 748; x_wconf 86' lang='lat' dir='ltr'>rata</span> <span class='ocrx_word' id='word_1_32' title='bbox 1061 691 1093 748; x_wconf 87' lang='lat' dir='ltr'>ct</span> <span class='ocrx_word' id='word_1_33' title='bbox 1112 685 1233 748; x_wconf 87' lang='lat' dir='ltr'>illibata</span> <span class='ocrx_word' id='word_1_34' title='bbox 1258 705 1476 768; x_wconf 87' lang='lat' dir='ltr'>perseverare,</span> <span class='ocrx_word' id='word_1_35' title='bbox 1500 693 1536 748; x_wconf 87' lang='lat' dir='ltr'>ut</span> <span class='ocrx_word' id='word_1_36' title='bbox 1561 705 1643 750; x_wconf 89' lang='lat' dir='ltr'>nenio</span> 
     </span>
     <span class='ocr_line' id='line_1_5' title="bbox 353 773 1645 858; baseline -0.002 -20"><span class='ocrx_word' id='word_1_37' title='bbox 353 779 515 858; x_wconf 82' lang='lat' dir='ltr'>presumat</span> <span class='ocrx_word' id='word_1_38' title='bbox 535 792 574 836; x_wconf 87' lang='lat' dir='ltr'>ea</span> <span class='ocrx_word' id='word_1_39' title='bbox 595 773 733 850; x_wconf 86' lang='lat' dir='ltr'>auferre,</span> <span class='ocrx_word' id='word_1_40' title='bbox 760 779 882 848; x_wconf 85' lang='lat' dir='ltr'>tenere,</span> <span class='ocrx_word' id='word_1_41' title='bbox 913 776 1057 838; x_wconf 89' lang='lat' dir='ltr'>minuere</span> <span class='ocrx_word' id='word_1_42' title='bbox 1085 775 1136 838; x_wconf 86' lang='lat' dir='ltr'>vel</span> <span class='ocrx_word' id='word_1_43' title='bbox 1157 776 1225 838; x_wconf 92' lang='lat' dir='ltr'>sine</span> <span class='ocrx_word' id='word_1_44' title='bbox 1247 795 1404 839; x_wconf 90' lang='lat' dir='ltr'>consensu</span> <span class='ocrx_word' id='word_1_45' title='bbox 1427 776 1645 839; x_wconf 90' lang='lat' dir='ltr'>monachorum</span> 
     </span>
     <span class='ocr_line' id='line_1_6' title="bbox 354 862 1646 948; baseline -0.001 -21"><span class='ocrx_word' id='word_1_46' title='bbox 354 869 549 928; x_wconf 88' lang='lat' dir='ltr'>commutare</span> <span class='ocrx_word' id='word_1_47' title='bbox 571 868 627 926; x_wconf 88' lang='lat' dir='ltr'>aut</span> <span class='ocrx_word' id='word_1_48' title='bbox 647 862 686 926; x_wconf 91' lang='lat' dir='ltr'>de</span> <span class='ocrx_word' id='word_1_49' title='bbox 708 865 754 926; x_wconf 90' lang='lat' dir='ltr'>eis</span> <span class='ocrx_word' id='word_1_50' title='bbox 774 863 882 946; x_wconf 85' lang='lat' dir='ltr'>aliqua</span> <span class='ocrx_word' id='word_1_51' title='bbox 903 864 1108 947; x_wconf 86' lang='lat' dir='ltr'>dispositione</span> <span class='ocrx_word' id='word_1_52' title='bbox 1131 866 1322 948; x_wconf 88' lang='lat' dir='ltr'>dispensare.</span> <span class='ocrx_word' id='word_1_53' title='bbox 1355 865 1400 929; x_wconf 89' lang='lat' dir='ltr'>Ut</span> <span class='ocrx_word' id='word_1_54' title='bbox 1419 873 1526 928; x_wconf 90' lang='lat' dir='ltr'>autem</span> <span class='ocrx_word' id='word_1_55' title='bbox 1542 865 1646 927; x_wconf 76' lang='lat' dir='ltr'>niues</span> 
     </span>
     <span class='ocr_line' id='line_1_7' title="bbox 355 953 1647 1038; baseline -0.002 -20"><span class='ocrx_word' id='word_1_56' title='bbox 355 955 527 1018; x_wconf 91' lang='lat' dir='ltr'>Portenses</span> <span class='ocrx_word' id='word_1_57' title='bbox 549 954 687 1034; x_wconf 91' lang='lat' dir='ltr'>quietius</span> <span class='ocrx_word' id='word_1_58' title='bbox 714 953 773 1017; x_wconf 94' lang='lat' dir='ltr'>deo</span> <span class='ocrx_word' id='word_1_59' title='bbox 803 956 922 1018; x_wconf 85' lang='lat' dir='ltr'>servire</span> <span class='ocrx_word' id='word_1_60' title='bbox 947 956 1082 1038; x_wconf 83' lang='lat' dir='ltr'>possint,</span> <span class='ocrx_word' id='word_1_61' title='bbox 1103 956 1305 1018; x_wconf 87' lang='lat' dir='ltr'>deceruimus</span> <span class='ocrx_word' id='word_1_62' title='bbox 1325 961 1357 1019; x_wconf 92' lang='lat' dir='ltr'>et</span> <span class='ocrx_word' id='word_1_63' title='bbox 1377 955 1438 1018; x_wconf 88' lang='lat' dir='ltr'>hoc</span> <span class='ocrx_word' id='word_1_64' title='bbox 1457 973 1500 1018; x_wconf 86' lang='lat' dir='ltr'>err</span> <span class='ocrx_word' id='word_1_65' title='bbox 1521 955 1647 1017; x_wconf 61' lang='lat' dir='ltr'>auctori,-</span> 
     </span>
     <span class='ocr_line' id='line_1_8' title="bbox 355 1043 1649 1127; baseline 0.001 -20"><span class='ocrx_word' id='word_1_66' title='bbox 355 1049 418 1108; x_wconf 88' lang='lat' dir='ltr'>tate</span> <span class='ocrx_word' id='word_1_67' title='bbox 444 1043 622 1106; x_wconf 89' lang='lat' dir='ltr'>Innocentii</span> <span class='ocrx_word' id='word_1_68' title='bbox 650 1061 745 1125; x_wconf 90' lang='lat' dir='ltr'>pape,</span> <span class='ocrx_word' id='word_1_69' title='bbox 785 1043 839 1124; x_wconf 91' lang='lat' dir='ltr'>qui</span> <span class='ocrx_word' id='word_1_70' title='bbox 865 1043 1051 1107; x_wconf 90' lang='lat' dir='ltr'>Portensem</span> <span class='ocrx_word' id='word_1_71' title='bbox 1082 1045 1189 1108; x_wconf 92' lang='lat' dir='ltr'>locum</span> <span class='ocrx_word' id='word_1_72' title='bbox 1215 1045 1416 1108; x_wconf 86' lang='lat' dir='ltr'>confirmavit</span> <span class='ocrx_word' id='word_1_73' title='bbox 1442 1045 1596 1127; x_wconf 89' lang='lat' dir='ltr'>primum,</span> <span class='ocrx_word' id='word_1_74' title='bbox 1622 1049 1649 1106; x_wconf 88' lang='lat' dir='ltr'>et</span> 
     </span>
     <span class='ocr_line' id='line_1_9' title="bbox 356 1133 1649 1214; baseline -0.002 -18"><span class='ocrx_word' id='word_1_75' title='bbox 356 1134 498 1196; x_wconf 88' lang='lat' dir='ltr'>omniurn</span> <span class='ocrx_word' id='word_1_76' title='bbox 520 1151 741 1195; x_wconf 86' lang='lat' dir='ltr'>successorum</span> <span class='ocrx_word' id='word_1_77' title='bbox 762 1133 831 1196; x_wconf 89' lang='lat' dir='ltr'>eius</span> <span class='ocrx_word' id='word_1_78' title='bbox 853 1139 884 1196; x_wconf 89' lang='lat' dir='ltr'>et</span> <span class='ocrx_word' id='word_1_79' title='bbox 905 1137 1014 1196; x_wconf 88' lang='lat' dir='ltr'>nostra</span> <span class='ocrx_word' id='word_1_80' title='bbox 1040 1133 1296 1214; x_wconf 84' lang='lat' dir='ltr'>confirmatione,</span> <span class='ocrx_word' id='word_1_81' title='bbox 1326 1139 1363 1196; x_wconf 93' lang='lat' dir='ltr'>ut</span> <span class='ocrx_word' id='word_1_82' title='bbox 1391 1133 1499 1197; x_wconf 90' lang='lat' dir='ltr'>nullus</span> <span class='ocrx_word' id='word_1_83' title='bbox 1530 1134 1649 1196; x_wconf 90' lang='lat' dir='ltr'>omnino</span> 
     </span>
     <span class='ocr_line' id='line_1_10' title="bbox 355 1206 1690 1290; baseline 0.002 -3"><span class='ocrx_word' id='word_1_84' title='bbox 355 1224 491 1288; x_wconf 89' lang='lat' dir='ltr'>clericus</span> <span class='ocrx_word' id='word_1_85' title='bbox 522 1225 577 1284; x_wconf 88' lang='lat' dir='ltr'>aut</span> <span class='ocrx_word' id='word_1_86' title='bbox 596 1221 698 1284; x_wconf 84' lang='lat' dir='ltr'>laicus</span> <span class='ocrx_word' id='word_1_87' title='bbox 727 1221 810 1284; x_wconf 86' lang='lat' dir='ltr'>infra</span> <span class='ocrx_word' id='word_1_88' title='bbox 836 1223 989 1286; x_wconf 90' lang='lat' dir='ltr'>terminos</span> <span class='ocrx_word' id='word_1_89' title='bbox 1014 1243 1125 1286; x_wconf 91' lang='lat' dir='ltr'>eorum</span> <span class='ocrx_word' id='word_1_90' title='bbox 1149 1223 1373 1288; x_wconf 81' lang='lat' dir='ltr'>venationibus</span> <span class='ocrx_word' id='word_1_91' title='bbox 1405 1224 1520 1287; x_wconf 87' lang='lat' dir='ltr'>audeat</span> <span class='ocrx_word' id='word_1_92' title='bbox 1546 1243 1650 1286; x_wconf 81' lang='lat' dir='ltr'>vacare</span> <span class='ocrx_word' id='word_1_93' title='bbox 1689 1206 1690 1290; x_wconf 90' lang='lat' dir='ltr'>l</span> 
     </span>
     <span class='ocr_line' id='line_1_11' title="bbox 357 1311 1651 1396; baseline 0 -21"><span class='ocrx_word' id='word_1_94' title='bbox 357 1319 412 1376; x_wconf 88' lang='lat' dir='ltr'>aut</span> <span class='ocrx_word' id='word_1_95' title='bbox 436 1312 531 1394; x_wconf 89' lang='lat' dir='ltr'>nugis</span> <span class='ocrx_word' id='word_1_96' title='bbox 561 1311 781 1376; x_wconf 84' lang='lat' dir='ltr'>consimilibus</span> <span class='ocrx_word' id='word_1_97' title='bbox 807 1331 934 1394; x_wconf 89' lang='lat' dir='ltr'>operam</span> <span class='ocrx_word' id='word_1_98' title='bbox 965 1313 1050 1378; x_wconf 88' lang='lat' dir='ltr'>dare.</span> <span class='ocrx_word' id='word_1_99' title='bbox 1099 1313 1132 1377; x_wconf 82' lang='lat' dir='ltr'>si</span> <span class='ocrx_word' id='word_1_100' title='bbox 1161 1314 1233 1395; x_wconf 90' lang='lat' dir='ltr'>quis</span> <span class='ocrx_word' id='word_1_101' title='bbox 1258 1315 1356 1396; x_wconf 88' lang='lat' dir='ltr'>igitur</span> <span class='ocrx_word' id='word_1_102' title='bbox 1380 1314 1462 1376; x_wconf 89' lang='lat' dir='ltr'>hanc</span> <span class='ocrx_word' id='word_1_103' title='bbox 1490 1313 1651 1396; x_wconf 88' lang='lat' dir='ltr'>apostolice</span> 
     </span>
     <span class='ocr_line' id='line_1_12' title="bbox 357 1398 1691 1487; baseline -0.001 -21"><span class='ocrx_word' id='word_1_104' title='bbox 357 1401 553 1466; x_wconf 83' lang='lat' dir='ltr'>auctoritatis</span> <span class='ocrx_word' id='word_1_105' title='bbox 575 1405 607 1464; x_wconf 94' lang='lat' dir='ltr'>et</span> <span class='ocrx_word' id='word_1_106' title='bbox 627 1406 733 1465; x_wconf 91' lang='lat' dir='ltr'>nostre</span> <span class='ocrx_word' id='word_1_107' title='bbox 749 1402 1002 1466; x_wconf 83' lang='lat' dir='ltr'>confirmationis</span> <span class='ocrx_word' id='word_1_108' title='bbox 1016 1405 1163 1487; x_wconf 87' lang='lat' dir='ltr'>paginam</span> <span class='ocrx_word' id='word_1_109' title='bbox 1181 1403 1651 1468; x_wconf 86' lang='lat' dir='ltr'>scicnsPortcnsemecclesian</span> <span class='ocrx_word' id='word_1_110' title='bbox 1690 1398 1691 1434; x_wconf 64' lang='lat' dir='ltr'>l</span> 
     </span>
     <span class='ocr_line' id='line_1_13' title="bbox 356 1491 1654 1572; baseline -0.002 -16"><span class='ocrx_word' id='word_1_111' title='bbox 356 1492 554 1556; x_wconf 84' lang='lat' dir='ltr'>infestaverit</span> <span class='ocrx_word' id='word_1_112' title='bbox 565 1491 616 1555; x_wconf 85' lang='lat' dir='ltr'>vel</span> <span class='ocrx_word' id='word_1_113' title='bbox 627 1492 834 1572; x_wconf 79' lang='lat' dir='ltr'>iniuriaverit,</span> <span class='ocrx_word' id='word_1_114' title='bbox 845 1493 985 1556; x_wconf 90' lang='lat' dir='ltr'>secundo</span> <span class='ocrx_word' id='word_1_115' title='bbox 996 1495 1134 1558; x_wconf 84' lang='lat' dir='ltr'>terciove</span> <span class='ocrx_word' id='word_1_116' title='bbox 1145 1493 1429 1572; x_wconf 74' lang='lat' dir='ltr'>commonita(sic)⁶</span> <span class='ocrx_word' id='word_1_117' title='bbox 1437 1492 1654 1556; x_wconf 85' lang='lat' dir='ltr'>ecclesiastice·</span> 
     </span>
     <span class='ocr_line' id='line_1_14' title="bbox 358 1582 1692 1666; baseline -0.001 -21"><span class='ocrx_word' id='word_1_118' title='bbox 358 1582 681 1646; x_wconf 84' lang='lat' dir='ltr'>excommunicationi</span> <span class='ocrx_word' id='word_1_119' title='bbox 703 1587 735 1644; x_wconf 92' lang='lat' dir='ltr'>et</span> <span class='ocrx_word' id='word_1_120' title='bbox 756 1582 863 1646; x_wconf 86' lang='lat' dir='ltr'>divine</span> <span class='ocrx_word' id='word_1_121' title='bbox 888 1582 1000 1646; x_wconf 90' lang='lat' dir='ltr'>ultioni</span> <span class='ocrx_word' id='word_1_122' title='bbox 1027 1583 1199 1666; x_wconf 89' lang='lat' dir='ltr'>apostolica</span> <span class='ocrx_word' id='word_1_123' title='bbox 1220 1584 1407 1647; x_wconf 85' lang='lat' dir='ltr'>auctoritate</span> <span class='ocrx_word' id='word_1_124' title='bbox 1428 1588 1461 1646; x_wconf 91' lang='lat' dir='ltr'>et</span> <span class='ocrx_word' id='word_1_125' title='bbox 1480 1589 1601 1661; x_wconf 88' lang='lat' dir='ltr'>nostra,</span> <span class='ocrx_word' id='word_1_126' title='bbox 1625 1583 1652 1644; x_wconf 94' lang='lat' dir='ltr'>ni</span> <span class='ocrx_word' id='word_1_127' title='bbox 1691 1601 1692 1628; x_wconf 70' lang='lat' dir='ltr'>i</span> 
     </span>
     <span class='ocr_line' id='line_1_15' title="bbox 358 1671 1367 1757; baseline -0.002 -21"><span class='ocrx_word' id='word_1_128' title='bbox 358 1672 527 1754; x_wconf 85' lang='lat' dir='ltr'>resipuerit</span> <span class='ocrx_word' id='word_1_129' title='bbox 547 1677 579 1735; x_wconf 93' lang='lat' dir='ltr'>et</span> <span class='ocrx_word' id='word_1_130' title='bbox 599 1671 694 1754; x_wconf 83' lang='lat' dir='ltr'>digne</span> <span class='ocrx_word' id='word_1_131' title='bbox 716 1671 911 1752; x_wconf 81' lang='lat' dir='ltr'>satisfecerit,</span> <span class='ocrx_word' id='word_1_132' title='bbox 932 1673 964 1734; x_wconf 93' lang='lat' dir='ltr'>in</span> <span class='ocrx_word' id='word_1_133' title='bbox 986 1679 1176 1757; x_wconf 90' lang='lat' dir='ltr'>perpetuum</span> <span class='ocrx_word' id='word_1_134' title='bbox 1198 1673 1367 1736; x_wconf 89' lang='lat' dir='ltr'>subiaceat.</span> 
     </span>
    </p>

    <p class='ocr_par' dir='ltr' id='par_1_3' title="bbox 354 1776 1693 1938">
     <span class='ocr_line' id='line_1_16' title="bbox 429 1776 1693 1857; baseline 0.002 -17"><span class='ocrx_word' id='word_1_135' title='bbox 429 1788 441 1815; x_wconf 81' lang='lat'>²</span> <span class='ocrx_word' id='word_1_136' title='bbox 467 1784 631 1857; x_wconf 79' lang='lat' dir='ltr'>episcopalia</span> <span class='ocrx_word' id='word_1_137' title='bbox 702 1776 715 1814; x_wconf 75' lang='lat'>¹²</span> <span class='ocrx_word' id='word_1_138' title='bbox 740 1803 797 1857; x_wconf 84' lang='lat' dir='ltr'>qua</span> <span class='ocrx_word' id='word_1_139' title='bbox 822 1787 878 1857; x_wconf 73' lang='lat' dir='ltr'>Vpl.</span> <span class='ocrx_word' id='word_1_140' title='bbox 898 1788 1004 1842; x_wconf 82' lang='lat' dir='ltr'>Nr.16.</span> <span class='ocrx_word' id='word_1_141' title='bbox 1075 1789 1085 1815; x_wconf 81' lang='lat'><strong>⁰</strong></span> <span class='ocrx_word' id='word_1_142' title='bbox 1113 1787 1179 1844; x_wconf 87' lang='lat' dir='ltr'>aldii</span> <span class='ocrx_word' id='word_1_143' title='bbox 1249 1777 1263 1816; x_wconf 81' lang='lat'>‘¹</span> <span class='ocrx_word' id='word_1_144' title='bbox 1289 1788 1359 1842; x_wconf 80' lang='lat' dir='ltr'>Dem</span> <span class='ocrx_word' id='word_1_145' title='bbox 1384 1787 1518 1842; x_wconf 58' lang='lat' dir='ltr'>Sciam</span> <span class='ocrx_word' id='word_1_146' title='bbox 1539 1787 1655 1842; x_wconf 68' lang='grc' dir='ltr'><strong>κλισώᾱ</strong></span> <span class='ocrx_word' id='word_1_147' title='bbox 1692 1783 1693 1800; x_wconf 68' lang='grc'>’</span> 
     </span>
     <span class='ocr_line' id='line_1_17' title="bbox 354 1865 1188 1938; baseline 0.004 -18"><span class='ocrx_word' id='word_1_148' title='bbox 354 1865 499 1934; x_wconf 77' lang='lat' dir='ltr'>jedoufalls</span> <span class='ocrx_word' id='word_1_149' title='bbox 518 1865 547 1922; x_wconf 87' lang='lat' dir='ltr'>Si</span> <span class='ocrx_word' id='word_1_150' title='bbox 566 1883 622 1938; x_wconf 88' lang='lat' dir='ltr'>qua</span> <span class='ocrx_word' id='word_1_151' title='bbox 639 1866 726 1937; x_wconf 85' lang='lat' dir='ltr'>igitur</span> <span class='ocrx_word' id='word_1_152' title='bbox 744 1883 862 1937; x_wconf 83' lang='lat' dir='ltr'>persona</span> <span class='ocrx_word' id='word_1_153' title='bbox 880 1885 932 1927; x_wconf 78' lang='lat' dir='ltr'>nor.</span> <span class='ocrx_word' id='word_1_154' title='bbox 1004 1868 1188 1924; x_wconf 73' lang='lat' dir='ltr'>liiocliiiatice</span> 
     </span>
    </p>

    <p class='ocr_par' dir='ltr' id='par_1_4' title="bbox 433 1971 1694 2043">
     <span class='ocr_line' id='line_1_18' title="bbox 433 1971 1694 2043; baseline 0 -17"><span class='ocrx_word' id='word_1_155' title='bbox 433 1971 531 2028; x_wconf 79' lang='lat' dir='ltr'>ineo</span> <span class='ocrx_word' id='word_1_156' title='bbox 548 1972 618 2027; x_wconf 71' lang='lat' dir='ltr'>narr</span> <span class='ocrx_word' id='word_1_157' title='bbox 636 1973 747 2028; x_wconf 66' lang='lat' dir='ltr'>Boou</span> <span class='ocrx_word' id='word_1_158' title='bbox 764 1973 806 2028; x_wconf 85' lang='lat' dir='ltr'>rr.</span> <span class='ocrx_word' id='word_1_159' title='bbox 826 1973 952 2041; x_wconf 63' lang='lat' dir='ltr'>amun·</span> <span class='ocrx_word' id='word_1_160' title='bbox 978 1975 1171 2043; x_wconf 59' lang='lat' dir='ltr'>ausimum,</span> <span class='ocrx_word' id='word_1_161' title='bbox 1195 1974 1238 2027; x_wconf 75' lang='lat' dir='ltr'>aa</span> <span class='ocrx_word' id='word_1_162' title='bbox 1256 1973 1346 2041; x_wconf 66' lang='lat' dir='ltr'>rene</span> <span class='ocrx_word' id='word_1_163' title='bbox 1367 1973 1510 2027; x_wconf 70' lang='lat' dir='ltr'>ariarico</span> <span class='ocrx_word' id='word_1_164' title='bbox 1532 1972 1656 2026; x_wconf 68' lang='lat' dir='ltr'>mooun</span> <span class='ocrx_word' id='word_1_165' title='bbox 1693 1978 1694 1984; x_wconf 42' lang='lat'>¹</span> 
     </span>
    </p>

    <p class='ocr_par' dir='ltr' id='par_1_5' title="bbox 275 2051 1658 2119">
     <span class='ocr_line' id='line_1_19' title="bbox 275 2051 1658 2119; baseline -0.004 -11"><span class='ocrx_word' id='word_1_166' title='bbox 275 2065 276 2068; x_wconf 75' lang='grc'>’</span> <span class='ocrx_word' id='word_1_167' title='bbox 361 2054 418 2118; x_wconf 77' lang='lat' dir='ltr'>hai,</span> <span class='ocrx_word' id='word_1_168' title='bbox 436 2053 969 2110; x_wconf 65' lang='lat' dir='ltr'>mdmmdaUrmademciiauai</span> <span class='ocrx_word' id='word_1_169' title='bbox 985 2055 1115 2108; x_wconf 57' lang='lat' dir='ltr'>cadim.</span> <span class='ocrx_word' id='word_1_170' title='bbox 1171 2051 1658 2119; x_wconf 59' lang='lat' dir='ltr'>mammaemammal,</span> 
     </span>
    </p>

    <p class='ocr_par' dir='ltr' id='par_1_6' title="bbox 361 2129 1660 2366">
     <span class='ocr_line' id='line_1_20' title="bbox 361 2129 1659 2204; baseline -0.004 -16"><span class='ocrx_word' id='word_1_171' title='bbox 361 2133 399 2188; x_wconf 77' lang='lat' dir='ltr'>dc</span> <span class='ocrx_word' id='word_1_172' title='bbox 415 2141 496 2188; x_wconf 63' lang='grc' dir='ltr'>ωηατ</span> <span class='ocrx_word' id='word_1_173' title='bbox 513 2132 566 2188; x_wconf 76' lang='lat' dir='ltr'>deu</span> <span class='ocrx_word' id='word_1_174' title='bbox 583 2134 623 2187; x_wconf 80' lang='lat' dir='ltr'>a&#39;m</span> <span class='ocrx_word' id='word_1_175' title='bbox 640 2134 781 2204; x_wconf 63' lang='lat' dir='ltr'>folgenden</span> <span class='ocrx_word' id='word_1_176' title='bbox 793 2135 978 2202; x_wconf 72' lang='lat' dir='ltr'>ausperdliltm</span> <span class='ocrx_word' id='word_1_177' title='bbox 989 2135 1169 2204; x_wconf 66' lang='lat' dir='ltr'>Restituam</span> <span class='ocrx_word' id='word_1_178' title='bbox 1181 2135 1238 2188; x_wconf 81' lang='lat' dir='ltr'>cicli</span> <span class='ocrx_word' id='word_1_179' title='bbox 1251 2133 1415 2188; x_wconf 70' lang='lat' dir='ltr'>ambicula</span> <span class='ocrx_word' id='word_1_180' title='bbox 1426 2129 1555 2198; x_wconf 57' lang='lat' dir='ltr'>madan,</span> <span class='ocrx_word' id='word_1_181' title='bbox 1574 2130 1659 2184; x_wconf 70' lang='lat' dir='ltr'>adea</span> 
     </span>
     <span class='ocr_line' id='line_1_21' title="bbox 364 2209 1660 2284; baseline -0.005 -16"><span class='ocrx_word' id='word_1_182' title='bbox 364 2214 455 2282; x_wconf 74' lang='lat' dir='ltr'>Psortc</span> <span class='ocrx_word' id='word_1_183' title='bbox 477 2215 558 2269; x_wconf 78' lang='lat' dir='ltr'>arbon</span> <span class='ocrx_word' id='word_1_184' title='bbox 583 2231 628 2268; x_wconf 81' lang='lat' dir='ltr'>ror</span> <span class='ocrx_word' id='word_1_185' title='bbox 649 2214 772 2270; x_wconf 76' lang='lat' dir='ltr'>Bertolds</span> <span class='ocrx_word' id='word_1_186' title='bbox 797 2215 906 2268; x_wconf 62' lang='lat' dir='ltr'>Bistam</span> <span class='ocrx_word' id='word_1_187' title='bbox 930 2215 1025 2284; x_wconf 62' lang='lat' dir='ltr'>ponit</span> <span class='ocrx_word' id='word_1_188' title='bbox 1054 2215 1120 2282; x_wconf 63' lang='lat' dir='ltr'>lau</span> <span class='ocrx_word' id='word_1_189' title='bbox 1149 2232 1171 2272; x_wconf 73' lang='lat' dir='ltr'>a.</span> <span class='ocrx_word' id='word_1_190' title='bbox 1187 2214 1222 2272; x_wconf 91' lang='lat' dir='ltr'>B.</span> <span class='ocrx_word' id='word_1_191' title='bbox 1246 2229 1337 2268; x_wconf 78' lang='lat' dir='ltr'>waren</span> <span class='ocrx_word' id='word_1_192' title='bbox 1362 2211 1405 2266; x_wconf 80' lang='lat' dir='ltr'>dia</span> <span class='ocrx_word' id='word_1_193' title='bbox 1430 2211 1609 2280; x_wconf 63' lang='lat' dir='ltr'>Basilicarum</span> <span class='ocrx_word' id='word_1_194' title='bbox 1634 2209 1660 2262; x_wconf 79' lang='lat' dir='ltr'>iu</span> 
     </span>
     <span class='ocr_line' id='line_1_22' title="bbox 364 2292 1493 2366; baseline -0.004 -18"><span class='ocrx_word' id='word_1_195' title='bbox 364 2293 537 2361; x_wconf 59' lang='lat' dir='ltr'>Mutendors</span> <span class='ocrx_word' id='word_1_196' title='bbox 549 2294 620 2349; x_wconf 73' lang='lat' dir='ltr'>mou</span> <span class='ocrx_word' id='word_1_197' title='bbox 639 2293 738 2352; x_wconf 66' lang='lat' dir='ltr'>Nam</span> <span class='ocrx_word' id='word_1_198' title='bbox 754 2296 836 2350; x_wconf 74' lang='lat' dir='ltr'>colion</span> <span class='ocrx_word' id='word_1_199' title='bbox 854 2295 1059 2366; x_wconf 69' lang='lat' dir='ltr'>insperanti.</span> <span class='ocrx_word' id='word_1_200' title='bbox 1129 2293 1276 2348; x_wconf 74' lang='lat' dir='ltr'>⁸Laurlia</span> <span class='ocrx_word' id='word_1_201' title='bbox 1293 2292 1355 2352; x_wconf 74' lang='lat' dir='ltr'>ud.</span> <span class='ocrx_word' id='word_1_202' title='bbox 1372 2292 1493 2348; x_wconf 64' lang='lat' dir='ltr'>durna.</span> 
     </span>
    </p>
   </div>
   <div class='ocr_carea' id='block_1_3' title="bbox 367 2483 1662 2610">
    <p class='ocr_par' dir='ltr' id='par_1_7' title="bbox 367 2483 1662 2610">
     <span class='ocr_line' id='line_1_23' title="bbox 367 2483 1662 2610; baseline -0.008 -22"><span class='ocrx_word' id='word_1_203' title='bbox 367 2483 849 2610; x_wconf 55' lang='lat' dir='ltr'>wfflfflsp</span> <span class='ocrx_word' id='word_1_204' title='bbox 1147 2525 1249 2560; x_wconf 47' lang='lat' dir='ltr'>w</span> <span class='ocrx_word' id='word_1_205' title='bbox 1449 2497 1662 2580; x_wconf 62' lang='lat' dir='ltr'>=ffi</span> 
     </span>
    </p>
   </div>
   <div class='ocr_carea' id='block_1_4' title="bbox 392 2633 1668 3182">
    <p class='ocr_par' dir='ltr' id='par_1_8' title="bbox 392 2633 1666 2995">
     <span class='ocr_line' id='line_1_24' title="bbox 446 2633 1665 2724; baseline -0.007 -18"><span class='ocrx_word' id='word_1_206' title='bbox 446 2641 622 2724; x_wconf 67' lang='lat' dir='ltr'>Landgraf</span> <span class='ocrx_word' id='word_1_207' title='bbox 629 2641 794 2707; x_wconf 73' lang='lat' dir='ltr'>chaaaa</span> <span class='ocrx_word' id='word_1_208' title='bbox 814 2663 873 2707; x_wconf 84' lang='lat' dir='ltr'>voa</span> <span class='ocrx_word' id='word_1_209' title='bbox 898 2639 1079 2722; x_wconf 70' lang='lat' dir='ltr'>lbdrinpcu</span> <span class='ocrx_word' id='word_1_210' title='bbox 1099 2641 1238 2721; x_wconf 66' lang='lat' dir='ltr'>numiui</span> <span class='ocrx_word' id='word_1_211' title='bbox 1258 2639 1327 2704; x_wconf 84' lang='lat' dir='ltr'>dein</span> <span class='ocrx_word' id='word_1_212' title='bbox 1347 2635 1474 2702; x_wconf 81' lang='lat' dir='ltr'>Klostcr</span> <span class='ocrx_word' id='word_1_213' title='bbox 1492 2633 1600 2718; x_wconf 74' lang='lat' dir='ltr'>Psorte</span> <span class='ocrx_word' id='word_1_214' title='bbox 1612 2634 1665 2697; x_wconf 78' lang='lat' dir='ltr'>deu</span> 
     </span>
     <span class='ocr_line' id='line_1_25' title="bbox 407 2725 1663 2815; baseline -0.011 -17"><span class='ocrx_word' id='word_1_215' title='bbox 407 2733 515 2798; x_wconf 70' lang='lat' dir='ltr'>Basilo</span> <span class='ocrx_word' id='word_1_216' title='bbox 539 2753 597 2797; x_wconf 84' lang='lat' dir='ltr'>von</span> <span class='ocrx_word' id='word_1_217' title='bbox 629 2731 784 2815; x_wconf 68' lang='lat' dir='ltr'>VHufen</span> <span class='ocrx_word' id='word_1_218' title='bbox 810 2733 845 2796; x_wconf 81' lang='lat' dir='ltr'>ia</span> <span class='ocrx_word' id='word_1_219' title='bbox 868 2732 1045 2808; x_wconf 68' lang='lat' dir='ltr'>Goudcdt,</span> <span class='ocrx_word' id='word_1_220' title='bbox 1070 2732 1121 2795; x_wconf 84' lang='lat' dir='ltr'>die</span> <span class='ocrx_word' id='word_1_221' title='bbox 1141 2752 1171 2794; x_wconf 84' lang='lat' dir='ltr'>es</span> <span class='ocrx_word' id='word_1_222' title='bbox 1199 2751 1258 2794; x_wconf 85' lang='lat' dir='ltr'>ocu</span> <span class='ocrx_word' id='word_1_223' title='bbox 1285 2729 1354 2793; x_wconf 76' lang='lat' dir='ltr'>dan</span> <span class='ocrx_word' id='word_1_224' title='bbox 1382 2726 1486 2808; x_wconf 73' lang='lat' dir='ltr'>Voiylc</span> <span class='ocrx_word' id='word_1_225' title='bbox 1503 2725 1663 2790; x_wconf 70' lang='lat' dir='ltr'>Hennam</span> 
     </span>
     <span class='ocr_line' id='line_1_26' title="bbox 408 2811 1666 2902; baseline -0.009 -16"><span class='ocrx_word' id='word_1_226' title='bbox 408 2843 466 2886; x_wconf 84' lang='lat' dir='ltr'>oon</span> <span class='ocrx_word' id='word_1_227' title='bbox 489 2821 618 2888; x_wconf 65' lang='lat' dir='ltr'>&amp;nicola</span> <span class='ocrx_word' id='word_1_228' title='bbox 638 2823 707 2888; x_wconf 76' lang='lat' dir='ltr'>aad</span> <span class='ocrx_word' id='word_1_229' title='bbox 731 2844 790 2886; x_wconf 81' lang='lat' dir='ltr'>oon</span> <span class='ocrx_word' id='word_1_230' title='bbox 815 2821 984 2902; x_wconf 76' lang='lat' dir='ltr'>Maocpold</span> <span class='ocrx_word' id='word_1_231' title='bbox 1005 2842 1063 2886; x_wconf 83' lang='lat' dir='ltr'>ocu</span> <span class='ocrx_word' id='word_1_232' title='bbox 1083 2821 1183 2893; x_wconf 83' lang='lat' dir='ltr'>Roda,</span> <span class='ocrx_word' id='word_1_233' title='bbox 1204 2840 1277 2885; x_wconf 78' lang='lat' dir='ltr'>aum</span> <span class='ocrx_word' id='word_1_234' title='bbox 1294 2821 1432 2899; x_wconf 77' lang='lat' dir='ltr'>prdsslen</span> <span class='ocrx_word' id='word_1_235' title='bbox 1455 2813 1546 2880; x_wconf 68' lang='lat' dir='ltr'>lucii</span> <span class='ocrx_word' id='word_1_236' title='bbox 1575 2811 1666 2878; x_wconf 76' lang='lat' dir='ltr'>duret</span> 
     </span>
     <span class='ocr_line' id='line_1_27' title="bbox 392 2914 766 2995; baseline 0 -17"><span class='ocrx_word' id='word_1_237' title='bbox 392 2914 510 2995; x_wconf 81' lang='lat' dir='ltr'>-Kaas,</span> <span class='ocrx_word' id='word_1_238' title='bbox 531 2914 684 2978; x_wconf 80' lang='lat' dir='ltr'>crworben</span> <span class='ocrx_word' id='word_1_239' title='bbox 703 2914 766 2978; x_wconf 81' lang='lat' dir='ltr'>liat.</span> 
     </span>
    </p>

    <p class='ocr_par' dir='ltr' id='par_1_9' title="bbox 521 3019 1668 3182">
     <span class='ocr_line' id='line_1_28' title="bbox 521 3019 1668 3100; baseline -0.015 -14"><span class='ocrx_word' id='word_1_240' title='bbox 521 3031 653 3090; x_wconf 69' lang='lat' dir='ltr'>Hiarba:</span> <span class='ocrx_word' id='word_1_241' title='bbox 683 3032 727 3086; x_wconf 81' lang='lat' dir='ltr'>Or.</span> <span class='ocrx_word' id='word_1_242' title='bbox 741 3030 992 3100; x_wconf 70' lang='lat' dir='ltr'>Perpgoecliricbeu</span> <span class='ocrx_word' id='word_1_243' title='bbox 1015 3045 1065 3082; x_wconf 77' lang='lat' dir='ltr'>iun</span> <span class='ocrx_word' id='word_1_244' title='bbox 1086 3027 1224 3082; x_wconf 74' lang='lat' dir='ltr'>Peraeam</span> <span class='ocrx_word' id='word_1_245' title='bbox 1246 3024 1333 3078; x_wconf 75' lang='lat' dir='ltr'>Haud</span> <span class='ocrx_word' id='word_1_246' title='bbox 1359 3024 1418 3091; x_wconf 77' lang='lat' dir='ltr'>(apl.</span> <span class='ocrx_word' id='word_1_247' title='bbox 1437 3021 1584 3086; x_wconf 71' lang='lat' dir='ltr'>Pom19).</span> <span class='ocrx_word' id='word_1_248' title='bbox 1628 3019 1668 3086; x_wconf 82' lang='lat' dir='ltr'>Sp.</span> 
     </span>
     <span class='ocr_line' id='line_1_29' title="bbox 568 3101 1550 3182; baseline -0.013 -15"><span class='ocrx_word' id='word_1_249' title='bbox 568 3113 641 3180; x_wconf 73' lang='lat' dir='ltr'>fair.</span> <span class='ocrx_word' id='word_1_250' title='bbox 677 3113 776 3182; x_wconf 61' lang='lat' dir='ltr'>moue,</span> <span class='ocrx_word' id='word_1_251' title='bbox 794 3110 944 3166; x_wconf 67' lang='lat' dir='ltr'>aurumi</span> <span class='ocrx_word' id='word_1_252' title='bbox 963 3109 997 3162; x_wconf 77' lang='grc' dir='ltr'>Β.</span> <span class='ocrx_word' id='word_1_253' title='bbox 1012 3112 1036 3162; x_wconf 84' lang='lat'>5.</span> <span class='ocrx_word' id='word_1_254' title='bbox 1056 3139 1088 3147; x_wconf 93' lang='lat'><em>-</em></span> <span class='ocrx_word' id='word_1_255' title='bbox 1105 3109 1182 3162; x_wconf 81' lang='lat' dir='ltr'>nae</span> <span class='ocrx_word' id='word_1_256' title='bbox 1199 3107 1251 3174; x_wconf 72' lang='lat' dir='ltr'>(ui.</span> <span class='ocrx_word' id='word_1_257' title='bbox 1270 3104 1436 3170; x_wconf 76' lang='lat' dir='ltr'>Garnstete).</span> <span class='ocrx_word' id='word_1_258' title='bbox 1460 3101 1550 3156; x_wconf 85' lang='lat' dir='ltr'>raac.</span> 
     </span>
    </p>
   </div>
   <div class='ocr_carea' id='block_1_5' title="bbox 520 3192 1669 3426">
    <p class='ocr_par' dir='ltr' id='par_1_10' title="bbox 520 3192 1669 3426">
     <span class='ocr_line' id='line_1_30' title="bbox 520 3192 1669 3273; baseline -0.013 -13"><span class='ocrx_word' id='word_1_259' title='bbox 520 3207 646 3260; x_wconf 72' lang='lat' dir='ltr'>Dnaclca:</span> <span class='ocrx_word' id='word_1_260' title='bbox 666 3205 813 3273; x_wconf 73' lang='lat' dir='ltr'>Scddttpm,</span> <span class='ocrx_word' id='word_1_261' title='bbox 833 3204 990 3258; x_wconf 73' lang='lat' dir='ltr'>Ancaeus</span> <span class='ocrx_word' id='word_1_262' title='bbox 1009 3203 1068 3257; x_wconf 77' lang='lat' dir='ltr'>mid</span> <span class='ocrx_word' id='word_1_263' title='bbox 1088 3203 1183 3270; x_wconf 72' lang='lat' dir='ltr'>Opaca.</span> <span class='ocrx_word' id='word_1_264' title='bbox 1203 3202 1308 3254; x_wconf 80' lang='lat' dir='ltr'>minora</span> <span class='ocrx_word' id='word_1_265' title='bbox 1325 3201 1386 3250; x_wconf 80' lang='lat'><strong><em>258.</em></strong></span> <span class='ocrx_word' id='word_1_266' title='bbox 1422 3194 1547 3262; x_wconf 71' lang='lat' dir='ltr'>Leptim,</span> <span class='ocrx_word' id='word_1_267' title='bbox 1567 3192 1669 3248; x_wconf 65' lang='lat' dir='ltr'>Ram</span> 
     </span>
     <span class='ocr_line' id='line_1_31' title="bbox 570 3261 1669 3344; baseline -0.015 -13"><span class='ocrx_word' id='word_1_268' title='bbox 570 3276 616 3330; x_wconf 75' lang='lat' dir='ltr'>der</span> <span class='ocrx_word' id='word_1_269' title='bbox 629 3274 796 3344; x_wconf 70' lang='lat' dir='ltr'>Rudelabarp</span> <span class='ocrx_word' id='word_1_270' title='bbox 806 3277 847 3332; x_wconf 78' lang='lat'>73.</span> <span class='ocrx_word' id='word_1_271' title='bbox 867 3273 926 3331; x_wconf 81' lang='lat' dir='ltr'>Cori.</span> <span class='ocrx_word' id='word_1_272' title='bbox 940 3274 1004 3342; x_wconf 83' lang='lat' dir='ltr'>dipl.</span> <span class='ocrx_word' id='word_1_273' title='bbox 1020 3274 1084 3328; x_wconf 76' lang='lat' dir='ltr'>Suc.</span> <span class='ocrx_word' id='word_1_274' title='bbox 1097 3290 1148 3341; x_wconf 80' lang='lat' dir='ltr'>rep.</span> <span class='ocrx_word' id='word_1_275' title='bbox 1161 3271 1186 3338; x_wconf 91' lang='lat'>1,</span> <span class='ocrx_word' id='word_1_276' title='bbox 1197 3269 1240 3336; x_wconf 82' lang='lat' dir='ltr'>ii,</span> <span class='ocrx_word' id='word_1_277' title='bbox 1258 3273 1318 3324; x_wconf 85' lang='grc'><strong>388.</strong></span> <span class='ocrx_word' id='word_1_278' title='bbox 1346 3265 1479 3320; x_wconf 71' lang='lat' dir='ltr'>Deiotacll:</span> <span class='ocrx_word' id='word_1_279' title='bbox 1495 3261 1581 3332; x_wconf 78' lang='lat' dir='ltr'>Wolff</span> <span class='ocrx_word' id='word_1_280' title='bbox 1584 3263 1607 3332; x_wconf 87' lang='lat'>1,</span> <span class='ocrx_word' id='word_1_281' title='bbox 1617 3265 1669 3316; x_wconf 80' lang='lat'><strong><em>196.</em></strong></span> 
     </span>
     <span class='ocr_line' id='line_1_32' title="bbox 578 3347 1356 3426; baseline -0.004 -18"><span class='ocrx_word' id='word_1_282' title='bbox 578 3355 633 3426; x_wconf 78' lang='lat' dir='ltr'>Vpl.</span> <span class='ocrx_word' id='word_1_283' title='bbox 653 3355 772 3410; x_wconf 59' lang='lat' dir='ltr'>&amp;balba</span> <span class='ocrx_word' id='word_1_284' title='bbox 784 3353 826 3420; x_wconf 87' lang='lat' dir='ltr'>II,</span> <span class='ocrx_word' id='word_1_285' title='bbox 845 3356 905 3408; x_wconf 72' lang='lat'><strong><em>343.</em></strong></span> <span class='ocrx_word' id='word_1_286' title='bbox 926 3353 1048 3420; x_wconf 67' lang='lat' dir='ltr'>Bethana,</span> <span class='ocrx_word' id='word_1_287' title='bbox 1069 3351 1251 3406; x_wconf 75' lang='lat' dir='ltr'>Naclua&#39;clitcu</span> <span class='ocrx_word' id='word_1_288' title='bbox 1261 3347 1356 3415; x_wconf 84' lang='lat' dir='ltr'>H,36.</span> 
     </span>
    </p>
   </div>
   <div class='ocr_carea' id='block_1_6' title="bbox 370 3443 1679 4715">
    <p class='ocr_par' dir='ltr' id='par_1_11' title="bbox 370 3443 1679 4715">
     <span class='ocr_line' id='line_1_33' title="bbox 453 3443 1670 3544; baseline -0.019 -17"><span class='ocrx_word' id='word_1_289' title='bbox 453 3462 485 3526; x_wconf 86' lang='lat' dir='ltr'>C.</span> <span class='ocrx_word' id='word_1_290' title='bbox 519 3463 531 3544; x_wconf 78' lang='lat' dir='ltr'>ll</span> <span class='ocrx_word' id='word_1_291' title='bbox 554 3464 592 3527; x_wconf 93' lang='lat' dir='ltr'>In</span> <span class='ocrx_word' id='word_1_292' title='bbox 613 3461 761 3524; x_wconf 74' lang='lat' dir='ltr'>nomine¹</span> <span class='ocrx_word' id='word_1_293' title='bbox 783 3465 890 3523; x_wconf 90' lang='lat' dir='ltr'>sancte</span> <span class='ocrx_word' id='word_1_294' title='bbox 923 3464 956 3522; x_wconf 88' lang='lat' dir='ltr'>et</span> <span class='ocrx_word' id='word_1_295' title='bbox 982 3457 1147 3521; x_wconf 80' lang='lat' dir='ltr'>individue</span> <span class='ocrx_word' id='word_1_296' title='bbox 1171 3454 1330 3519; x_wconf 86' lang='lat' dir='ltr'>trinitatis.</span> <span class='ocrx_word' id='word_1_297' title='bbox 1354 3451 1367 3533; x_wconf 77' lang='lat' dir='ltr'>ll</span> <span class='ocrx_word' id='word_1_298' title='bbox 1389 3451 1595 3514; x_wconf 87' lang='lat' dir='ltr'>Hemiannus</span> <span class='ocrx_word' id='word_1_299' title='bbox 1624 3443 1670 3506; x_wconf 91' lang='lat' dir='ltr'>dci</span> 
     </span>
     <span class='ocr_line' id='line_1_34' title="bbox 372 3536 1670 3640; baseline -0.013 -21"><span class='ocrx_word' id='word_1_300' title='bbox 372 3557 474 3634; x_wconf 58' lang='lat' dir='ltr'>matio</span> <span class='ocrx_word' id='word_1_301' title='bbox 493 3553 691 3637; x_wconf 81' lang='lat' dir='ltr'>lantgravius</span> <span class='ocrx_word' id='word_1_302' title='bbox 711 3551 883 3632; x_wconf 83' lang='lat' dir='ltr'>Thuringie</span> <span class='ocrx_word' id='word_1_303' title='bbox 905 3555 936 3614; x_wconf 90' lang='lat' dir='ltr'>et</span> <span class='ocrx_word' id='word_1_304' title='bbox 949 3548 1109 3633; x_wconf 86' lang='lat' dir='ltr'>palatinus</span> <span class='ocrx_word' id='word_1_305' title='bbox 1123 3544 1270 3610; x_wconf 85' lang='lat' dir='ltr'>Saxonis.</span> <span class='ocrx_word' id='word_1_306' title='bbox 1316 3542 1445 3606; x_wconf 83' lang='lat' dir='ltr'>iusticie</span> <span class='ocrx_word' id='word_1_307' title='bbox 1461 3538 1566 3640; x_wconf 30' lang='lat' dir='ltr'>&#39;dictat</span> <span class='ocrx_word' id='word_1_308' title='bbox 1587 3536 1670 3601; x_wconf 77' lang='lat' dir='ltr'>ratio.</span> 
     </span>
     <span class='ocr_line' id='line_1_35' title="bbox 374 3625 1672 3728; baseline -0.018 -19"><span class='ocrx_word' id='word_1_309' title='bbox 374 3652 411 3709; x_wconf 92' lang='lat' dir='ltr'>ut</span> <span class='ocrx_word' id='word_1_310' title='bbox 432 3645 596 3728; x_wconf 88' lang='lat' dir='ltr'>religiosos</span> <span class='ocrx_word' id='word_1_311' title='bbox 618 3660 763 3724; x_wconf 88' lang='lat' dir='ltr'>quosque</span> <span class='ocrx_word' id='word_1_312' title='bbox 785 3647 817 3704; x_wconf 89' lang='lat' dir='ltr'>et</span> <span class='ocrx_word' id='word_1_313' title='bbox 837 3639 1024 3722; x_wconf 87' lang='lat' dir='ltr'>temporalia</span> <span class='ocrx_word' id='word_1_314' title='bbox 1044 3656 1155 3701; x_wconf 92' lang='lat' dir='ltr'>eorum</span> <span class='ocrx_word' id='word_1_315' title='bbox 1171 3633 1315 3698; x_wconf 87' lang='lat' dir='ltr'>subsidia</span> <span class='ocrx_word' id='word_1_316' title='bbox 1328 3637 1440 3695; x_wconf 90' lang='lat' dir='ltr'>contra</span> <span class='ocrx_word' id='word_1_317' title='bbox 1459 3625 1672 3728; x_wconf 83' lang='lat' dir='ltr'>improborum</span> 
     </span>
     <span class='ocr_line' id='line_1_36' title="bbox 374 3712 1669 3816; baseline -0.017 -20"><span class='ocrx_word' id='word_1_318' title='bbox 374 3735 542 3799; x_wconf 89' lang='lat' dir='ltr'>violentias</span> <span class='ocrx_word' id='word_1_319' title='bbox 567 3738 675 3796; x_wconf 91' lang='lat' dir='ltr'>nostro</span> <span class='ocrx_word' id='word_1_320' title='bbox 702 3730 885 3816; x_wconf 90' lang='lat' dir='ltr'>premunire</span> <span class='ocrx_word' id='word_1_321' title='bbox 913 3748 949 3791; x_wconf 93' lang='lat' dir='ltr'>ac</span> <span class='ocrx_word' id='word_1_322' title='bbox 976 3727 1141 3790; x_wconf 80' lang='lat' dir='ltr'>defensare</span> <span class='ocrx_word' id='word_1_323' title='bbox 1166 3723 1353 3786; x_wconf 87' lang='lat' dir='ltr'>studeamus</span> <span class='ocrx_word' id='word_1_324' title='bbox 1382 3717 1531 3804; x_wconf 90' lang='lat' dir='ltr'>presidio.</span> <span class='ocrx_word' id='word_1_325' title='bbox 1580 3712 1669 3812; x_wconf 83' lang='lat' dir='ltr'>Unde</span> 
     </span>
     <span class='ocr_line' id='line_1_37' title="bbox 376 3803 1674 3894; baseline -0.018 -8"><span class='ocrx_word' id='word_1_326' title='bbox 376 3831 487 3888; x_wconf 91' lang='lat' dir='ltr'>notum</span> <span class='ocrx_word' id='word_1_327' title='bbox 515 3843 584 3887; x_wconf 88' lang='lat' dir='ltr'>esse</span> <span class='ocrx_word' id='word_1_328' title='bbox 613 3822 762 3885; x_wconf 86' lang='lat' dir='ltr'>volumus</span> <span class='ocrx_word' id='word_1_329' title='bbox 789 3819 913 3882; x_wconf 87' lang='lat' dir='ltr'>cunctis</span> <span class='ocrx_word' id='word_1_330' title='bbox 941 3817 1093 3880; x_wconf 83' lang='lat' dir='ltr'>fidelibus</span> <span class='ocrx_word' id='word_1_331' title='bbox 1121 3821 1185 3876; x_wconf 86' lang='lat' dir='ltr'>tam</span> <span class='ocrx_word' id='word_1_332' title='bbox 1206 3809 1408 3894; x_wconf 87' lang='lat' dir='ltr'>presentibus</span> <span class='ocrx_word' id='word_1_333' title='bbox 1435 3825 1532 3888; x_wconf 85' lang='lat' dir='ltr'>quam</span> <span class='ocrx_word' id='word_1_334' title='bbox 1552 3803 1674 3870; x_wconf 77' lang='lat' dir='ltr'>iiituns,</span> 
     </span>
     <span class='ocr_line' id='line_1_38' title="bbox 375 3898 1674 3997; baseline -0.023 -18"><span class='ocrx_word' id='word_1_335' title='bbox 375 3915 462 3997; x_wconf 92' lang='lat' dir='ltr'>quod</span> <span class='ocrx_word' id='word_1_336' title='bbox 482 3915 596 3978; x_wconf 72' lang='lat' dir='ltr'>babes</span> <span class='ocrx_word' id='word_1_337' title='bbox 618 3912 780 3976; x_wconf 89' lang='lat' dir='ltr'>Porteiisis</span> <span class='ocrx_word' id='word_1_338' title='bbox 801 3907 926 3972; x_wconf 72' lang='lat' dir='ltr'>collobii</span> <span class='ocrx_word' id='word_1_339' title='bbox 948 3910 1096 3970; x_wconf 86' lang='lat' dir='ltr'>emerunt</span> <span class='ocrx_word' id='word_1_340' title='bbox 1122 3903 1154 3964; x_wconf 91' lang='lat' dir='ltr'>in</span> <span class='ocrx_word' id='word_1_341' title='bbox 1177 3899 1364 3964; x_wconf 86' lang='lat' dir='ltr'>Geiiustede</span> <span class='ocrx_word' id='word_1_342' title='bbox 1387 3898 1529 3979; x_wconf 88' lang='lat' dir='ltr'>quinque</span> <span class='ocrx_word' id='word_1_343' title='bbox 1551 3909 1674 3990; x_wconf 78' lang='lat' dir='ltr'>mansos</span> 
     </span>
     <span class='ocr_line' id='line_1_39' title="bbox 374 3983 1678 4089; baseline -0.024 -18"><span class='ocrx_word' id='word_1_344' title='bbox 374 4026 432 4089; x_wconf 92' lang='lat' dir='ltr'>pro</span> <span class='ocrx_word' id='word_1_345' title='bbox 470 4013 597 4068; x_wconf 82' lang='lat' dir='ltr'><strong>LXXX·</strong></span> <span class='ocrx_word' id='word_1_346' title='bbox 634 4004 749 4066; x_wconf 88' lang='lat' dir='ltr'>marcis</span> <span class='ocrx_word' id='word_1_347' title='bbox 786 4000 825 4063; x_wconf 90' lang='lat' dir='ltr'>ab</span> <span class='ocrx_word' id='word_1_348' title='bbox 864 3999 1049 4062; x_wconf 83' lang='lat' dir='ltr'>Hermanno</span> <span class='ocrx_word' id='word_1_349' title='bbox 1090 3992 1242 4054; x_wconf 75' lang='lat' dir='ltr'>advocato</span> <span class='ocrx_word' id='word_1_350' title='bbox 1280 3989 1319 4052; x_wconf 83' lang='lat' dir='ltr'>ile</span> <span class='ocrx_word' id='word_1_351' title='bbox 1364 3983 1495 4050; x_wconf 78' lang='lat' dir='ltr'>Saleclie</span> <span class='ocrx_word' id='word_1_352' title='bbox 1520 3987 1569 4084; x_wconf 82' lang='lat' dir='ltr'>¹et</span> <span class='ocrx_word' id='word_1_353' title='bbox 1612 3997 1678 4042; x_wconf 82' lang='lat' dir='ltr'>eius</span> 
     </span>
     <span class='ocr_line' id='line_1_40' title="bbox 376 4071 1676 4172; baseline -0.023 -14"><span class='ocrx_word' id='word_1_354' title='bbox 376 4093 559 4172; x_wconf 87' lang='lat' dir='ltr'>heredibus,</span> <span class='ocrx_word' id='word_1_355' title='bbox 594 4091 634 4156; x_wconf 85' lang='lat' dir='ltr'>ab</span> <span class='ocrx_word' id='word_1_356' title='bbox 672 4090 862 4172; x_wconf 87' lang='lat' dir='ltr'>Manegoldo</span> <span class='ocrx_word' id='word_1_357' title='bbox 903 4087 997 4150; x_wconf 90' lang='lat' dir='ltr'>otiam</span> <span class='ocrx_word' id='word_1_358' title='bbox 1039 4083 1078 4146; x_wconf 90' lang='lat' dir='ltr'>de</span> <span class='ocrx_word' id='word_1_359' title='bbox 1110 4079 1198 4144; x_wconf 90' lang='lat' dir='ltr'>Rode</span> <span class='ocrx_word' id='word_1_360' title='bbox 1234 4085 1266 4144; x_wconf 90' lang='lat' dir='ltr'>et</span> <span class='ocrx_word' id='word_1_361' title='bbox 1311 4079 1380 4141; x_wconf 91' lang='lat' dir='ltr'>cius</span> <span class='ocrx_word' id='word_1_362' title='bbox 1419 4071 1591 4137; x_wconf 78' lang='lat' dir='ltr'>heredibus</span> <span class='ocrx_word' id='word_1_363' title='bbox 1630 4085 1676 4128; x_wconf 89' lang='lat' dir='ltr'>ac-</span> 
     </span>
     <span class='ocr_line' id='line_1_41' title="bbox 377 4162 1676 4268; baseline -0.025 -19"><span class='ocrx_word' id='word_1_364' title='bbox 377 4186 556 4268; x_wconf 89' lang='lat' dir='ltr'>quisierunt</span> <span class='ocrx_word' id='word_1_365' title='bbox 591 4182 709 4246; x_wconf 89' lang='lat' dir='ltr'>ibidem</span> <span class='ocrx_word' id='word_1_366' title='bbox 741 4198 843 4243; x_wconf 92' lang='lat' dir='ltr'>unum</span> <span class='ocrx_word' id='word_1_367' title='bbox 872 4193 1019 4239; x_wconf 90' lang='lat' dir='ltr'>mansum</span> <span class='ocrx_word' id='word_1_368' title='bbox 1046 4192 1102 4254; x_wconf 91' lang='lat' dir='ltr'>pro</span> <span class='ocrx_word' id='word_1_369' title='bbox 1134 4171 1238 4233; x_wconf 56' lang='lat' dir='ltr'>xiim</span> <span class='ocrx_word' id='word_1_370' title='bbox 1270 4167 1397 4236; x_wconf 84' lang='lat' dir='ltr'>marcis,</span> <span class='ocrx_word' id='word_1_371' title='bbox 1418 4162 1586 4264; x_wconf 29' lang='lat' dir='ltr'>&#39;alterum-</span> <span class='ocrx_word' id='word_1_372' title='bbox 1604 4175 1676 4218; x_wconf 76' lang='lat' dir='ltr'>vero</span> 
     </span>
     <span class='ocr_line' id='line_1_42' title="bbox 370 4247 1678 4350; baseline -0.026 -11"><span class='ocrx_word' id='word_1_373' title='bbox 370 4293 523 4340; x_wconf 88' lang='lat' dir='ltr'>mansum</span> <span class='ocrx_word' id='word_1_374' title='bbox 545 4270 661 4335; x_wconf 88' lang='lat' dir='ltr'>ibidem</span> <span class='ocrx_word' id='word_1_375' title='bbox 685 4271 731 4334; x_wconf 88' lang='lat' dir='ltr'>eis</span> <span class='ocrx_word' id='word_1_376' title='bbox 758 4288 814 4350; x_wconf 91' lang='lat' dir='ltr'>pro</span> <span class='ocrx_word' id='word_1_377' title='bbox 837 4265 977 4329; x_wconf 92' lang='lat' dir='ltr'>remedio</span> <span class='ocrx_word' id='word_1_378' title='bbox 1000 4263 1104 4325; x_wconf 89' lang='lat' dir='ltr'>anime</span> <span class='ocrx_word' id='word_1_379' title='bbox 1134 4279 1191 4323; x_wconf 88' lang='lat' dir='ltr'>sue</span> <span class='ocrx_word' id='word_1_380' title='bbox 1214 4263 1246 4322; x_wconf 89' lang='lat' dir='ltr'>et</span> <span class='ocrx_word' id='word_1_381' title='bbox 1267 4257 1377 4320; x_wconf 84' lang='lat' dir='ltr'>uxoris</span> <span class='ocrx_word' id='word_1_382' title='bbox 1398 4271 1467 4316; x_wconf 91' lang='lat' dir='ltr'>cius</span> <span class='ocrx_word' id='word_1_383' title='bbox 1489 4255 1521 4314; x_wconf 91' lang='lat' dir='ltr'>et</span> <span class='ocrx_word' id='word_1_384' title='bbox 1540 4247 1678 4343; x_wconf 80' lang='lat' dir='ltr'>iihorupi</span> 
     </span>
     <span class='ocr_line' id='line_1_43' title="bbox 376 4332 1678 4446; baseline -0.026 -18"><span class='ocrx_word' id='word_1_385' title='bbox 376 4364 530 4446; x_wconf 88' lang='lat' dir='ltr'>legittime</span> <span class='ocrx_word' id='word_1_386' title='bbox 551 4358 756 4438; x_wconf 88' lang='lat' dir='ltr'>contradidit,</span> <span class='ocrx_word' id='word_1_387' title='bbox 786 4376 847 4438; x_wconf 91' lang='lat' dir='ltr'>que</span> <span class='ocrx_word' id='word_1_388' title='bbox 870 4355 977 4418; x_wconf 90' lang='lat' dir='ltr'>omnia</span> <span class='ocrx_word' id='word_1_389' title='bbox 1004 4354 1037 4415; x_wconf 94' lang='lat' dir='ltr'>in</span> <span class='ocrx_word' id='word_1_390' title='bbox 1058 4348 1247 4434; x_wconf 86' lang='lat' dir='ltr'>provinciali</span> <span class='ocrx_word' id='word_1_391' title='bbox 1272 4345 1386 4429; x_wconf 90' lang='lat' dir='ltr'>placito</span> <span class='ocrx_word' id='word_1_392' title='bbox 1409 4347 1569 4442; x_wconf 81' lang='lat' dir='ltr'>eteorum</span> <span class='ocrx_word' id='word_1_393' title='bbox 1589 4332 1678 4432; x_wconf 80' lang='lat' dir='ltr'>nobis</span> 
     </span>
     <span class='ocr_line' id='line_1_44' title="bbox 376 4431 1676 4530; baseline -0.026 -13"><span class='ocrx_word' id='word_1_394' title='bbox 376 4452 519 4517; x_wconf 87' lang='lat' dir='ltr'>iudiciali</span> <span class='ocrx_word' id='word_1_395' title='bbox 540 4449 697 4514; x_wconf 86' lang='lat' dir='ltr'>sententia</span> <span class='ocrx_word' id='word_1_396' title='bbox 718 4453 793 4510; x_wconf 88' lang='lat' dir='ltr'>sunt</span> <span class='ocrx_word' id='word_1_397' title='bbox 819 4445 1014 4508; x_wconf 87' lang='lat' dir='ltr'>confirmata.</span> <span class='ocrx_word' id='word_1_398' title='bbox 1069 4441 1112 4504; x_wconf 90' lang='lat' dir='ltr'>Ut</span> <span class='ocrx_word' id='word_1_399' title='bbox 1137 4444 1243 4502; x_wconf 90' lang='lat' dir='ltr'>autern</span> <span class='ocrx_word' id='word_1_400' title='bbox 1274 4437 1332 4498; x_wconf 93' lang='lat' dir='ltr'>hec</span> <span class='ocrx_word' id='word_1_401' title='bbox 1364 4449 1481 4530; x_wconf 77' lang='lat' dir='ltr'>omnia¹</span> <span class='ocrx_word' id='word_1_402' title='bbox 1498 4433 1565 4530; x_wconf 76' lang='lat' dir='ltr'>rata</span> <span class='ocrx_word' id='word_1_403' title='bbox 1590 4431 1620 4487; x_wconf 91' lang='lat' dir='ltr'>et</span> <span class='ocrx_word' id='word_1_404' title='bbox 1648 4439 1676 4520; x_wconf 79' lang='lat' dir='ltr'>iii</span> 
     </span>
     <span class='ocr_line' id='line_1_45' title="bbox 376 4515 1679 4625; baseline -0.026 -19"><span class='ocrx_word' id='word_1_405' title='bbox 376 4546 565 4625; x_wconf 91' lang='lat' dir='ltr'>perpetuum</span> <span class='ocrx_word' id='word_1_406' title='bbox 594 4537 784 4601; x_wconf 78' lang='lat' dir='ltr'>inconvulsa</span> <span class='ocrx_word' id='word_1_407' title='bbox 817 4538 1036 4617; x_wconf 85' lang='lat' dir='ltr'>permaneant,</span> <span class='ocrx_word' id='word_1_408' title='bbox 1070 4534 1247 4614; x_wconf 90' lang='lat' dir='ltr'>presentem</span> <span class='ocrx_word' id='word_1_409' title='bbox 1276 4523 1426 4608; x_wconf 80' lang='lat' dir='ltr'>paginam</span> <span class='ocrx_word' id='word_1_410' title='bbox 1457 4515 1554 4600; x_wconf 79' lang='lat' dir='ltr'>sigilli</span> <span class='ocrx_word' id='word_1_411' title='bbox 1583 4517 1679 4576; x_wconf 88' lang='lat' dir='ltr'>nostri</span> 
     </span>
     <span class='ocr_line' id='line_1_46' title="bbox 377 4612 1679 4715; baseline -0.025 -21"><span class='ocrx_word' id='word_1_412' title='bbox 377 4631 574 4715; x_wconf 90' lang='lat' dir='ltr'>inpressione</span> <span class='ocrx_word' id='word_1_413' title='bbox 601 4633 633 4691; x_wconf 92' lang='lat' dir='ltr'>et</span> <span class='ocrx_word' id='word_1_414' title='bbox 663 4626 864 4709; x_wconf 89' lang='lat' dir='ltr'>ydonoorum</span> <span class='ocrx_word' id='word_1_415' title='bbox 891 4623 1019 4690; x_wconf 84' lang='lat' dir='ltr'>testium</span> <span class='ocrx_word' id='word_1_416' title='bbox 1048 4619 1278 4704; x_wconf 89' lang='lat' dir='ltr'>subscriptione</span> <span class='ocrx_word' id='word_1_417' title='bbox 1310 4612 1512 4686; x_wconf 88' lang='lat' dir='ltr'>roboramus,</span> <span class='ocrx_word' id='word_1_418' title='bbox 1548 4619 1679 4688; x_wconf 89' lang='lat' dir='ltr'>quornm</span> 
     </span>
    </p>
   </div>
   <div class='ocr_carea' id='block_1_7' title="bbox 0 0 1753 5148">
    <p class='ocr_par' dir='ltr' id='par_1_12' title="bbox 0 0 1753 5148">
     <span class='ocr_line' id='line_1_47' title="bbox 0 0 1753 5148; baseline 0 0"><span class='ocrx_word' id='word_1_419' title='bbox 0 0 1753 5148; x_wconf 95' lang='lat' dir='ltr'> </span> 
     </span>
    </p>
   </div>
  </div>
 </body>
</html>
