3402 5152
512 431 562 488 Nr.
573 433 625 487 396
639 431 721 488 -399,
744 429 924 488 1304-1305,
1322 430 1373 487 ate

86 617 183 702 1304.
214 615 453 700 November
467 617 504 700 5.
1279 614 1371 699 398.

149 761 314 826 Bertrodis
335 763 508 839 Acbtissin,
533 761 643 843 Sophic
664 763 828 843 Prdpsta'n,
859 757 1006 843 Irrnp'ard
1024 759 1203 824 Derbentio
1223 761 1293 824 und
1314 761 1373 824 das

114 851 237 934 Kapitel
264 853 317 916 des
342 853 608 918 Nonacnhlosters
635 855 671 917 ia
696 853 911 934 Quodlinburp
938 852 1112 928 balsamico,
1138 851 1213 914 dass
1241 852 1285 914 sic
1307 851 1374 914 ihre

114 943 318 1025 Basitaunpca
350 945 385 1007 in
417 944 572 1008 Idebstedt
600 946 657 1007 mit
688 943 772 1008 alica
800 941 933 1006 marren
965 962 1008 1005 an
1038 942 1097 1004 das
1118 939 1245 1006 Klostcr
1265 941 1374 1022 Psorte

116 1035 255 1117 amicust
274 1034 381 1100 haben.
430 1035 495 1116 Vol.
518 1033 701 1114 Nascon.

215 1161 348 1216 fimeta.-
378 1162 423 1218 Or.
436 1163 511 1232 Paro.
535 1161 609 1230 2Sp.
628 1179 667 1215 an
690 1162 785 1216 rothen
810 1161 869 1214 und
894 1167 1002 1230 prtinerr
1019 1159 1142 1214 sordesco
1161 1159 1269 1224 Fddca,
1296 1159 1372 1214 sart·

266 1243 377 1296 rarletat.
406 1243 538 1312 Marturp
557 1242 594 1296 St.
605 1241 653 1308 A,
671 1241 738 1310 Stilo
757 1242 893 1310 Hersseld.

221 1334 398 1403 Unpodruclrt.

146 1458 211 1522 Nos
233 1458 393 1522 Bertradls
415 1459 465 1522 dei
486 1463 587 1540 gratia
612 1459 784 1534 abbatissa,
817 1459 931 1543 Sophia
963 1459 1131 1541 preposita,
1160 1456 1374 1538 Irmengardis
1442 1524 1444 1528 ,

80 1546 184 1610 decana
215 1554 381 1631 totumque
415 1550 588 1632 capitulum
628 1550 828 1614 dominarum
859 1551 892 1611 in
927 1547 1227 1630 Quedclingenburg
1265 1551 1374 1610 tenore

81 1639 261 1716 presentium
283 1638 388 1701 lucide
409 1647 634 1722 protestamur,
664 1641 746 1723 quod
773 1639 854 1703 bona
875 1642 908 1701 in
932 1639 1133 1720 Lybenstete,
1156 1639 1266 1721 viginti
1287 1638 1374 1701 vide-

80 1725 140 1789 licet
160 1735 189 1791 et
210 1747 267 1791 sex
289 1748 430 1807 mansos,
458 1749 532 1793 cum
560 1734 629 1794 iuro
657 1739 841 1815 patronatus
863 1730 994 1793 ecclesie
1019 1730 1161 1794 eiusdem
1184 1729 1259 1792 villo
1281 1748 1374 1792 vene-

80 1817 157 1880 rabili
186 1818 315 1882 domino
342 1818 532 1883 Theoderico
559 1821 664 1884 abbati
692 1822 730 1885 de
758 1819 852 1884 Porta
879 1827 910 1884 et
937 1840 994 1883 suo
1021 1821 1192 1883 conventui
1219 1819 1317 1882 libera
1343 1825 1374 1882 et

78 1907 160 1989 pleno
187 1911 256 1971 iure
278 1909 495 1989 vendidimus,
523 1911 750 1973 rationabiliter
770 1911 1043 1993 appropriavimus
1063 1917 1095 1973 ot
1114 1910 1374 1993 presentavimus.

79 1995 251 2076 l'endendi,
282 2001 496 2081 permutandi,
533 2001 768 2086 appropriandi,
804 2003 898 2063 etiam
930 2001 1121 2064 warandiam
1157 1999 1291 2064 faciendi
1324 1998 1374 2061 vel

76 2090 220 2172 quioquid
248 2090 307 2152 sibi
336 2090 410 2152 iudo
434 2091 570 2154 faciendi
594 2092 782 2154 iudicaverit
807 2091 874 2174 ipse
900 2090 997 2154 abbas
1023 2097 1054 2154 et
1081 2110 1161 2152 suus
1188 2095 1373 2170 conventus

76 2180 192 2261 plenam
214 2179 308 2243 habet
330 2187 360 2244 et
381 2179 511 2244 liberam
533 2182 724 2244 facultatem.
768 2181 816 2244 Ad
845 2182 941 2245 huius
968 2183 1013 2245 rei
1034 2182 1224 2245 evidentiam
1247 2200 1374 2264 presen-

76 2277 131 2332 tem
153 2270 286 2334 litteram
310 2271 413 2353 sigillo
436 2279 543 2335 nostro
565 2278 595 2334 et
616 2272 718 2354 sigillo
740 2278 846 2334 nostre
867 2272 996 2336 ecclesie
1017 2271 1150 2336 fecimus
1172 2271 1372 2334 communiri.

76 2357 185 2422 Datum
208 2381 292 2424 anuo
314 2359 434 2424 domini
455 2371 688 2441 bl0000011110,
708 2359 816 2426 Nonas
839 2361 1025 2426 Novenbris.

597 2535 843 2546 ...—

76 2581 183 2664 aon
211 2531 382 2665 innan
396 2583 428 2664 1.
1281 2582 1374 2663 aaa

149 2727 212 2792 Dte
233 2727 363 2792 Briidcr
383 2727 517 2810 liudolf,
544 2729 703 2806 (larderii,
733 2729 883 2793 Heinrich
904 2731 973 2793 aad
994 2729 1160 2794 Hcrnronra
1185 2729 1376 2792 Marsebdllc

109 2839 167 2882 con
191 2817 417 2897 Erkartsberpa
449 2820 620 2901 ocrlraufca
652 2820 720 2883 ihre
743 2819 921 2898 jdhrlr'chcn
954 2819 1131 2901 Einlritnfie
1162 2821 1196 2881 in
1219 2819 1375 2900 bissdorf,

110 2909 213 2972 indens
235 2909 279 2972 sic
303 2908 451 2972 diesclhcn
473 2910 541 2972 olem
566 2909 691 2990 Gras'cn
708 2911 876 2973 Friedrich
897 2930 956 2973 von
968 2909 1177 2974 Rabcnswald
1196 2909 1374 2990 arusiensem,

108 3000 166 3080 fiir
187 3003 233 3063 23
243 3003 278 3080 ¹5¹2
302 2997 402 3061 Mart
421 3019 465 3062 on
487 2999 546 3062 dos
568 2997 696 3062 Kloster
717 2999 832 3080 Pfortc.
885 3000 948 3080 Vpl.
970 2999 1114 3064 Narco.

220 3123 353 3180 Hdschm
371 3125 443 3180 D59
462 3127 513 3195 (tit.
529 3126 730 3198 Lizingestori).
769 3119 877 3182 Twol.

220 3219 345 3274 Mache:
364 3217 474 3284 Bdhrne,
493 3219 741 3288 Hermposserstcdt
759 3225 800 3277 35.
839 3221 974 3275 Dcatsch:
1001 3219 1086 3288 Wolff
1094 3220 1134 3277 II,
1153 3224 1213 3274 312.

151 3346 216 3410 Nos
235 3345 388 3409 Rodolfus
408 3351 438 3409 et
459 3347 654 3426 GerharduS,
679 3347 851 3412 Heinricus
873 3355 903 3412 et
924 3348 1130 3412 Hermannus
1156 3347 1266 3410 fratres
1293 3365 1375 3408 mar-

69 3438 188 3500 schalci
210 3437 247 3500 de
269 3435 540 3520 Echarsdesberg·
570 3438 772 3502 notificamus
800 3441 858 3502 hoc
891 3446 998 3502 tenore
1030 3438 1179 3500 omnibus
1210 3443 1273 3499 tam
1308 3454 1376 3516 pre-

68 3531 170 3591 sentis
197 3531 246 3590 evi
274 3526 456 3589 hominibus
486 3548 581 3610 quam
610 3529 722 3594 futuri.
752 3530 789 3592 ad
817 3549 954 3611 quorum
981 3527 1172 3590 audientiam
1196 3527 1375 3588 traductum

67 3619 166 3680 tuerit
184 3635 316 3701 presens
337 3618 500 3698 scriptum,
522 3620 605 3702 quod
626 3621 664 3682 de
688 3621 835 3682 concordi
858 3619 1018 3680 voluntate
1033 3623 1062 3679 et
1082 3617 1120 3679 de
1135 3617 1201 3699 pari
1218 3634 1375 3678 consensu

67 3711 214 3772 omnium
244 3708 395 3771 heredum
425 3713 455 3770 et
481 3709 671 3772 coheredum
697 3719 878 3773 nostrorum
906 3728 1047 3772 necnon
1076 3716 1200 3770 matura
1226 3705 1377 3770 delibera-

68 3801 158 3878 tiope
189 3801 272 3862 inter
297 3817 356 3860 nos
385 3796 546 3879 prehabito
568 3798 741 3862 venerabili
768 3800 895 3862 domino
916 3797 1104 3860 Theoderico
1127 3796 1231 3859 abbati
1253 3804 1283 3859 ot
1301 3815 1377 3858 oon·

67 3891 181 3952 ventui
205 3888 349 3951 Portensi
378 3887 580 3952 vendidimus
607 3891 666 3951 rite
694 3909 730 3952 ac
756 3888 984 3952 rationabiliter
1012 3892 1135 3950 nostros
1157 3887 1288 3949 annales
1308 3886 1378 3948 red-

66 3979 165 4056 ditus,
186 3997 267 4062 quos
289 3977 460 4042 habuimus
482 3978 513 4039 in
538 3980 611 4040 villa
633 3977 854 4062 Lizingestorf,
886 3979 1002 4040 scilicet
1028 3979 1127 4039 annui
1157 3995 1272 4039 census
1299 3976 1378 4039 duas

64 4068 168 4132 libras
197 4087 320 4132 marcas
344 4064 564 4150 Vribergensis
592 4072 764 4151 argentiol
792 4069 958 4132 dimidium
981 4068 1133 4130 fertonem
1157 4065 1378 4147 Vribergensis

65 4161 190 4239 argenti
227 4175 309 4238 eque
344 4157 442 4218 annui
481 4177 597 4221 census
633 4168 662 4221 et
700 4171 740 4224 111
774 4159 890 4222 solidos
926 4159 1126 4221 denariorum
1166 4155 1378 4219 Echehardes-

63 4252 233 4329 pergensis
261 4247 479 4319 nunrismatis,
505 4268 576 4312 enm
608 4251 694 4311 omni
721 4250 862 4311 dominio
890 4255 920 4312 et
941 4250 1097 4332 portione,
1126 4266 1188 4329 que
1210 4247 1288 4308 nosb
1310 4247 1379 4308 iure

64 4346 255 4418 patronatus
285 4336 415 4399 ecclesie
437 4339 554 4418 prefate
578 4340 652 4401 ville
672 4339 820 4420 lryzstorf
839 4340 994 4421 contingit
1012 4358 1067 4400 seu
1091 4338 1272 4417 contingere
1293 4335 1378 4398 vide-

64 4427 173 4490 batur.
219 4426 428 4492 vendidimus
459 4430 551 4491 etiam
584 4430 711 4491 domino
741 4427 847 4492 abbati
875 4435 906 4492 et
936 4429 1107 4491 conventui
1136 4427 1174 4488 de
1196 4426 1290 4488 Porta
1311 4445 1379 4509 pre-

65 4517 166 4580 dictis
189 4525 367 4583 nostrorum
392 4515 547 4583 bonorum
568 4519 738 4582 feodalium
762 4522 905 4603 quinque
929 4539 1065 4596 marcaS,
1092 4517 1209 4600 quibus
1230 4515 1378 4580 infeodati

57 4605 208 4674 fuimusc
238 4633 256 4674 a
284 4606 384 4677 nobili
414 4612 481 4674 viro
519 4611 647 4674 ‹lourino
676 4609 833 4674 Fridcrico
856 4612 975 4694 'comite
1006 4611 1044 4673 do
1076 4607 1291 4688 Rabenswalt,
1327 4609 1379 4669 oui
