3400 5148
579 373 629 434 Νι.
644 373 790 434 lle—181,
812 371 886 432 1264.
1335 373 1386 428 195

90 532 345 598 molendinarium
373 549 469 614 super
495 547 610 611 aggere
636 528 670 590 in
692 526 765 590 Sala
785 529 938 609 concepto
959 544 1001 588 ex
1022 526 1120 590 altera
1141 527 1174 588 in
1196 525 1385 610 Gygenruke

88 641 185 684 coram
212 620 305 682 nobis
335 619 459 700 questio
484 622 675 696 verteretur,
708 616 799 679 bonis
831 623 863 679 et
890 615 1035 677 discretis
1066 615 1142 678 viris
1171 616 1386 682 mediantibus

88 711 211 793 predicti
241 709 385 772 homines
411 707 451 770 H.
473 713 505 770 ct
529 705 565 769 R.
593 725 665 768 cnm
695 707 761 769 suis
786 705 862 768 tiliis
894 704 1072 788 predictum
1103 706 1323 769 molendinum
1355 714 1387 771 et

88 819 224 882 aggerem
256 799 295 861 ad
328 817 442 861 manus
472 801 596 859 nostras
626 796 804 858 voluntarie
839 796 1084 876 resignaverunt
1114 800 1146 858 et
1175 812 1234 858 nos
1264 795 1386 877 prefato

88 891 183 952 abbati
213 897 245 952 et
270 887 442 952 conventui
468 888 518 949 ius
547 886 609 948 tale
630 885 790 964 dedimus,
813 884 898 966 quod
919 904 978 947 neo
999 884 1217 948 molendinum
1240 885 1274 946 in
1296 885 1388 949 Plota

89 999 135 1042 aree
161 998 260 1061 agger
285 977 400 1058 aliquis
427 977 478 1040 rel
507 975 725 1038 molendinum
750 975 785 1037 in
807 974 880 1040 Sala
905 975 944 1037 ab
966 974 1081 1058 illapsu
1102 975 1163 1036 rivi
1183 973 1387 1056 Trogebael1²

90 1089 180 1150 usque
217 1067 255 1132 ad
287 1068 420 1130 inferius
452 1065 670 1128 molendinum
699 1063 758 1126 sub
785 1070 888 1128 castro
915 1065 1010 1126 situm
1037 1064 1070 1126 in
1097 1064 1309 1146 preindicium
1336 1064 1386 1127 rel

87 1177 247 1238 gravamen
278 1157 479 1220 Portensinm
507 1154 572 1216 ullo
604 1173 754 1235 umquam
780 1159 921 1238 tempore
948 1155 1099 1237 deinceps
1120 1153 1304 1217 habeantur.
1347 1155 1388 1218 Et

88 1267 119 1310 ne
145 1267 243 1330 snper
272 1247 332 1309 biis
359 1247 392 1307 in
416 1250 578 1328 posterum
605 1243 737 1306 dubium
764 1245 897 1322 oriatur,
918 1263 1049 1326 presens
1069 1245 1317 1308 instrumentum
1340 1246 1387 1308 eis

87 1337 224 1400 dedimus
250 1339 282 1399 in
309 1335 526 1399 testimonium
554 1335 599 1396 rei
627 1342 713 1414 geste
742 1333 837 1416 sigilli
870 1335 968 1396 nostri
997 1334 1173 1397 munimine
1194 1333 1387 1398 roboratum.

87 1428 194 1489 tetum
216 1426 353 1488 feliciter
374 1443 457 1486 anno
480 1423 601 1486 domini
623 1423 906 1488 nl⁰t¹b⁰lrx0ssll⁰
926 1425 956 1485 in
982 1423 1141 1506 presentia
1161 1425 1290 1486 testium
1313 1425 1387 1486 sub·

86 1517 268 1599 scriptorum
296 1513 474 1578 Hemmnni
499 1511 624 1595 plebani
655 1513 694 1575 de
717 1512 921 1594 Cygcnrulre,
945 1511 1069 1576 Alberti
1091 1512 1217 1595 plebani
1242 1514 1275 1576 in
1298 1513 1388 1576 Orlo-

86 1605 212 1672 nmnde.
239 1603 424 1668 'llreoderici
448 1601 592 1664 advocati
614 1601 653 1664 de
675 1601 809 1677 Olstete,
837 1599 981 1663 Heinrici
995 1601 1041 1664 de
1064 1602 1213 1678 (ibernia,
1243 1602 1387 1666 Heinrici

87 1695 119 1756 de
137 1695 304 1768 Welewia,
332 1693 475 1756 Heinrici
497 1692 536 1754 de
556 1691 685 1770 Nimim,
705 1691 848 1754 Heinriei
871 1691 1032 1772 scriptoris
1054 1692 1178 1753 comitis
1200 1692 1325 1755 Ottonis
1348 1693 1387 1755 de

86 1784 273 1846 (lalamnnde
309 1791 340 1846 et
375 1782 510 1844 aliorum
544 1799 639 1862 qnam
675 1780 815 1862 plurium
844 1781 876 1843 in
910 1781 1114 1860 Cp'genrulre,
1152 1782 1185 1842 in
1225 1781 1276 1844 (lie
1304 1782 1386 1844 beati

86 1873 215 1938 Seruatii
234 1873 372 1957 episcopi
395 1881 427 1934 et
447 1871 647 1932 confessoris.

152 2011 278 2066 ¹Nocb
305 2009 390 2064 Herse
417 2011 447 2062 in
480 2009 601 2062 Variacia
629 2007 694 2074 ΙΙΙ,
723 2009 797 2076 soff.
821 2007 901 2062 beibal
927 2023 955 2060 er
977 2007 1224 2075 postmoerium,
1260 2009 1388 2062 redimenti

87 2109 104 2144 r.
123 2093 192 2146 aas.
183 2093 305 2156 maan,
325 2089 450 2158 llcpeeten
468 2093 528 2142 9οα
546 2090 594 2141 a'lm
614 2087 755 2140 Drebbocla
775 2093 866 2141 mmai.

87 2380 193 2462 1264.
218 2380 326 2462 Junl
353 2379 416 2460 18.
1302 2383 1387 2467 181.

162 2539 252 2622 Graf
270 2539 414 2604 Giinther
435 2559 493 2602 oon
514 2537 736 2619 &carractere
757 2538 865 2620 lmfrcil
886 2537 945 2600 alas
966 2535 1093 2600 Kloslco·
1117 2537 1223 2620 Pforle
1240 2560 1299 2604 von
1320 2529 1388 2604 dena

124 2627 204 2692 Zollc
223 2629 257 2692 in
280 2629 421 2709 tropeos

227 2763 363 2818 mamm..-
384 2764 409 2816 T
422 2763 500 2817 310³.

233 2869 409 2939 dapmnum.

160 2996 364 3079 Gluntherus]
387 2998 437 3060 dei
459 2999 560 3079 gratia
581 3017 688 3062 comes
707 2999 740 3061 in
753 2997 960 3062 Sivarzbureh
980 2999 1128 3063 onmibus
1149 3000 1230 3063 hanc
1246 3001 1384 3068 litteram

85 3087 193 3150 risuns
227 3087 364 3151 salutem
399 3089 432 3150 in
472 3087 608 3152 domino.
661 3087 781 3152 Notum
818 3089 954 3150 facimus
988 3094 1020 3152 et
1050 3095 1159 3152 tenore
1188 3094 1383 3174 presentium

83 3176 200 3256 publice
222 3177 435 3257 declaramus,
457 3177 543 3258 quod
565 3197 717 3240 nuscum
741 3178 883 3240 aarranimi
905 3197 1063 3240 consensu
1084 3178 1238 3242 heredum
1262 3188 1383 3245 nostro-

84 3286 160 3346 rum
178 3288 249 3332 cnm
423 3267 640 3332 *theloneum
666 3269 762 3332 situm
790 3265 840 3344 (1²)
866 3268 900 3330 in
929 3268 1069 3330 dominio
1101 3275 1208 3332 nostro
1239 3271 1271 3332 in
1304 3271 1383 3346 loco,

83 3357 136 3436 qui
164 3359 277 3422 dicitnr
304 3357 451 3440 erepere
481 3359 594 3422 damus
620 3363 651 3420 et
673 3358 782 3420 datum
802 3358 1060 3438 recognoscimus
1081 3358 1214 3421 ecclesie
1239 3359 1383 3426 Portensi

82 3444 150 3510 iure
167 3449 371 3532 proprietario
391 3447 542 3510 firmitate
563 3451 717 3531 perpetua
738 3446 956 3524 retinendum,
984 3447 1028 3509 ita
1049 3451 1084 3509 ut
1104 3448 1163 3530 ipsi
1186 3454 1218 3510 et
1238 3449 1382 3516 homines

81 3534 214 3616 ipsorum
237 3536 277 3600 ab
301 3538 388 3600 omni
410 3537 578 3600 exactione
607 3543 639 3598 et
659 3535 805 3599 theloneo
828 3537 891 3599 sint
912 3537 1041 3598 ornnino
1065 3535 1158 3599 liberi
1182 3543 1213 3600 ot
1234 3537 1380 3603 absoluti.

82 3621 117 3685 ln
139 3627 226 3690 cuins
247 3628 295 3690 rei
306 3626 532 3692 ,testimoninm
556 3624 702 3687 dedimus
723 3624 782 3687 hoc
804 3625 957 3708 scriptum
976 3624 1072 3706 sigilli
1089 3627 1187 3688 nostri
1204 3629 1380 3693 munimine

82 3713 266 3779 roboretum.
315 3715 433 3779 Datum
459 3733 543 3778 anno
574 3716 674 3796 gratie
702 3714 949 3789 M⁰CO⁰LXHIL
978 3713 1081 3778 ΧΠΠο
1112 3715 1265 3780 kalendas
1297 3717 1380 3784 Iulii.

81 3801 184 3868 Testes
209 3813 284 3870 sunt
311 3807 491 3890 prepositus
516 3803 718 3882 [rambertum
739 3805 918 3887 prepositus
939 3804 1083 3886 Magnus,
1104 3805 1257 3868 Albertus
1274 3814 1382 3872 custos

80 3893 111 3953 in
135 3893 337 3978 Magdeburg,
356 3895 528 3958 Bertoldus
549 3893 770 3957 vicedominus
791 3893 830 3956 de
852 3894 986 3976 Apolde,
1005 3894 1207 3958 Reinhardus
1228 3897 1320 3960 miles
1341 3899 1381 3962 de

81 3981 217 4048 Grarenb
236 3991 267 4050 et
287 3987 341 4050 alii
359 4005 455 4068 quam
476 3985 592 4068 plures.

150 4122 163 4152 ⁸
184 4121 276 4176 dbam
338 4113 351 4152 ¹³
374 4123 508 4177 Welleicltt
525 4123 642 4177 arderet
657 4137 710 4176 aaa
727 4119 838 4176 Gruzen
856 4121 1015 4190 (crassen)

155 4225 165 4266 ¹
181 4227 235 4283 Der
255 4229 302 4285 Ort
320 4231 364 4300 lap
383 4229 455 4283 noch
473 4229 590 4284 Nam
606 4245 645 4282 aa
662 4227 710 4282 der
727 4225 814 4294 Sceale,
832 4227 868 4281 iet
885 4227 947 4281 aber
964 4228 1038 4282 aem
1056 4229 1244 4286 melrwea'sbar.
