3402 5152
597 407 806 468 Natos—471.
826 409 901 468 1317.
1352 409 1402 468 tot

101 596 206 680 1317.
232 595 260 679 J
263 597 340 678 uul
354 598 389 680 7.
1311 601 1403 682 tro.

179 741 332 806 Heinrich
356 743 448 824 Graf
463 761 521 805 von
543 743 749 824 Beicblinpcn
770 745 871 824 eipnct
891 747 960 808 dem
979 745 1104 810 Kloster
1123 745 1232 826 Psortc
1255 751 1275 810 6
1291 745 1404 828 Hersen

138 831 372 1003 pagam
398 853 453 908 ru,
496 833 546 896 dic
576 833 639 896 itam
670 854 729 896 von
759 835 991 898 cersclrierlenen
1023 835 1298 900 Labensirtltubcrn
1330 839 1405 918 artf-

250 1049 384 1106 Hdsclrr.:
405 1049 429 1103 T
445 1055 485 1104 73.
514 1049 543 1104 D
561 1041 632 1104 116b
651 1052 702 1119 (tit.
722 1051 865 1119 Dokuicz)
885 1053 933 1106 ruit
951 1051 1126 1122 Kdrrurrpen.

249 1145 361 1198 Drmclt:
379 1143 514 1198 Deutccir:
538 1143 623 1212 Wolff
636 1141 675 1209 Π,
696 1145 757 1198 365,
800 1143 855 1213 Vpl.
875 1145 999 1213 Lepsios,
1019 1142 1204 1212 ulmetum,
1224 1150 1283 1200 156.

179 1267 344 1331 Universis
356 1267 470 1330 Christi
490 1267 637 1330 fidelibus
658 1286 788 1350 presens
809 1268 960 1350 scriptum
984 1269 1107 1332 visuris.
1142 1269 1209 1332 Nos
1230 1269 1402 1334 Heinrious

98 1359 150 1420 ‹lci
172 1360 278 1440 gracia
299 1377 404 1420 coines
426 1357 464 1418 (lo
485 1356 672 1440 Bichlingon
694 1359 842 1440 cupimus
863 1377 932 1420 esse
953 1365 1073 1437 notum,
1095 1359 1179 1442 quod
1201 1359 1239 1421 ed
1261 1360 1404 1424 devotam

98 1450 287 1531 peticionem
318 1449 437 1510 domini
464 1448 639 1510 ..abbatis
668 1467 726 1510 neo
759 1459 842 1513 non²
873 1449 924 1512 sui
956 1455 1133 1512 conventus
1163 1451 1193 1511 in
1223 1449 1317 1512 Porta
1351 1470 1405 1532 pro

97 1538 238 1600 remedio
259 1537 365 1600 anime
387 1541 492 1600 nostre
513 1556 549 1600 ac
569 1539 805 1619 progenitorum
833 1544 1013 1600 nostrorum
1041 1557 1097 1601 sex
1120 1559 1247 1602 mansos
1274 1541 1351 1602 sitos
1371 1541 1405 1602 in

93 1647 178 1710 pago
212 1627 282 1689 ville
312 1625 474 1690 Dokeuitz
503 1647 577 1690 crim
607 1629 688 1692 areis
722 1627 762 1690 ad
792 1627 919 1691 eosdem
952 1647 1079 1691 mansos
1110 1629 1342 1711 pertinentibus
1370 1649 1406 1692 ac

97 1717 250 1781 omnibus
271 1718 341 1780 aliis
363 1716 487 1780 iuribus
507 1723 539 1780 et
559 1719 737 1782 attinenciis
757 1719 835 1801 ipsis
857 1719 1011 1798 dedimus,
1034 1719 1222 1782 tradidimus
1243 1724 1275 1782 et
1295 1739 1406 1802 appro-

8 1841 10 1846 .
97 1811 275 1892 priavimus
299 1815 331 1870 et
356 1807 555 1890 presentibus
583 1807 709 1886 domne,
737 1809 893 1872 tradimus
919 1815 949 1873 et
970 1810 1209 1893 appropriamus
1230 1817 1261 1873 et
1283 1829 1406 1892 posses·

96 1903 221 1963 sionem
254 1898 437 1961 eorumdem
469 1896 625 1960 bonorum
658 1901 690 1960 in
723 1900 807 1982 ipsos
838 1899 1060 1964 transferimus
1091 1902 1182 1964 titulo
1209 1902 1406 1983 proprietatis

97 1997 251 2074 perpetuo
274 1987 489 2071 possidendos
516 1989 741 2052 renunciantes
762 1992 882 2072 precise
902 2010 958 2073 pro
980 1991 1072 2054 nobis
1094 1996 1125 2053 et
1143 1992 1260 2054 nostris
1282 2010 1405 2053 succes-

95 2080 225 2144 soribus
258 2079 407 2140 omnibus
440 2078 578 2156 iuribus,
611 2079 721 2142 usibus
750 2087 781 2142 et
808 2081 984 2162 obsequiis,
1014 2099 1077 2164 que
1097 2080 1189 2142 nobis
1211 2082 1266 2143 acb
1291 2084 1406 2143 nostris

94 2170 337 2234 successoribus
368 2169 398 2230 in
432 2169 525 2230 dictis
555 2167 646 2232 bonis
677 2170 896 2253 contpstebant
925 2190 981 2234 seu
1012 2175 1141 2254 possent
1170 2176 1346 2254 competere
1372 2172 1405 2234 in

92 2265 254 2324 futurum.
306 2258 375 2334 Qus
412 2259 539 2340 quidem
573 2258 655 2320 bona
689 2262 828 2342 predicta
858 2262 1019 2325 strennui⁰
1051 2261 1111 2322 viri
1143 2261 1224 2323 intro
1251 2261 1359 2344 scripti
1388 2282 1407 2323 a

94 2353 193 2414 nobis
222 2353 254 2413 in
289 2348 382 2412 feudo
414 2348 598 2427 habebantl,
634 2349 779 2412 videlicet
811 2350 883 2413 Otto
915 2352 1006 2414 miles
1038 2351 1142 2415 dictus
1173 2352 1211 2414 de
1244 2350 1405 2414 (tostcnitz

91 2461 247 2506 nransum
271 2447 302 2503 et
322 2439 490 2502 dimidium
512 2459 586 2501 crim
610 2440 677 2500 suis
698 2441 887 2520 attinenciis,
907 2441 1066 2503 lebannes
1088 2441 1191 2503 dictus
1212 2440 1251 2503 de
1268 2440 1406 2503 Sconen-

93 2533 197 2612 bergk
229 2531 316 2593 filius
343 2529 448 2593 Sitridi
476 2529 634 2610 Sagittarii
667 2529 748 2592 duos
775 2533 903 2593 mansos
933 2536 1036 2612 proter
1060 2529 1201 2612 quartale
1235 2547 1308 2590 oum
1339 2531 1406 2592 suis

87 2623 291 2700 attinenciis
322 2619 486 2682 Conradus
507 2621 609 2682 dictus
632 2618 706 2700 We
705 2639 766 2682 rsse
796 2620 987 2682 castellanus
1018 2621 1049 2682 in
1082 2618 1295 2699 blokersberge
1327 2619 1406 2682 dnos

89 2731 229 2776 mansos
260 2710 395 2792 qumtali
427 2711 534 2770 mimm
567 2728 641 2772 oum
676 2711 742 2772 suis
774 2712 973 2774 attinenciis⁰
975 2713 1069 2793 ,qni
1098 2727 1208 2772 omnes
1237 2717 1267 2771 et
1288 2710 1406 2788 singuli

86 2805 241 2890 predicta
269 2800 410 2862 bonoad
443 2819 557 2862 luanus
587 2805 712 2864 nostras
738 2799 836 2864 libere
863 2761 1114 2882 resigndverunt,
1094 2800 1406 2862 tabreuuncientes

86 2915 155 2998 pro
186 2911 221 2954 se
255 2897 286 2953 ct
316 2909 372 2972 pro
405 2891 472 2952 suis
508 2890 746 2954 successoribus
777 2891 927 2954 onmibus
962 2890 1099 2967 iuribus
1135 2910 1197 2971 quo
1232 2888 1408 2952 habuerant

85 2989 125 3047 in
163 2981 293 3045 eisdem
341 2979 378 3042 ln
410 2982 503 3043 cuius
534 2983 801 3064 appropriacionis
832 2988 862 3044 et
888 2939 1183 3044 abrenunciadionis
1211 2980 1435 3042 evidenoiam'

81 3073 285 3157 enrpliorem
315 3089 444 3152 presens
470 3073 621 3154 scriptum
648 3073 694 3134 eis
715 3072 860 3134 dedimus
881 3073 981 3134 nostri
1003 3070 1097 3153 sigilli
1118 3070 1296 3133 munimine
1317 3069 1407 3132 robo-

81 3173 216 3228 ratum.
257 3160 363 3223 Testes
386 3161 482 3223 buius
503 3167 579 3223 sunt
594 3160 766 3224 Heinrious
788 3163 826 3224 de
842 3160 963 3224 Harras
987 3167 1018 3223 et
1033 3160 1183 3222 Albertns
1203 3159 1298 3222 frater
1319 3179 1407 3240 suus

78 3252 279 3320 Richardns
297 3257 328 3312 ct
343 3250 514 3314 Heinrious
532 3252 606 3314 dicti
624 3251 729 3315 Geren
755 3253 871 3314 milites
892 3249 1053 3314 castellani
1068 3251 1167 3312 nostri
1189 3255 1219 3312 et
1241 3249 1294 3312 alii
1310 3271 1405 3332 (poam

77 3345 231 3432 plurimi
252 3341 314 3404 fide
336 3341 431 3422 digni.
473 3339 590 3404 Datum
614 3363 697 3404 anno
718 3343 839 3404 domini
860 3349 1107 3420 mmmmm,
1131 3350 1180 3402 l'll
1202 3339 1275 3402 idus
1291 3339 1385 3403 lunii.

168 3489 181 3515 ³
200 3491 230 3541 et
247 3487 324 3554 (stati
343 3501 392 3540 nec
410 3487 478 3552 non)
497 3486 527 3539 D
598 3476 658 3540 bet
675 3485 705 3538 D
776 3485 957 3539 cstrenuiT
1009 3473 1199 3537 dbabuerunt
1217 3482 1246 3537 D
1304 3482 1406 3536 “Con-

72 3572 184 3630 radns
204 3567 310 3622 Weirse
334 3575 358 3620 11
377 3582 489 3620 mansos
516 3566 643 3637 quartale
667 3567 760 3622 minus
784 3583 849 3620 cum
874 3567 932 3620 suis
957 3562 1116 3620 attinenciis
1143 3564 1204 3634 pelet
1228 3561 1279 3616 den
1297 3561 1406 3616 ll⁷orten

69 3655 241 3710 Iohannes
259 3665 287 3702 u.
298 3663 318 3702 s.
329 3663 360 3701 w.
380 3663 463 3702 aaran
481 3646 511 3699 D

630 3755 880 3766 ——————

66 3833 209 3919 1317.
237 3829 332 3912 dull
348 3827 411 3912 25.
953 3815 957 3822 ’
1318 3821 1405 3901 471.

172 3975 243 4043 Dic
265 3975 394 4040 Briidcr
417 3973 570 4050 Giinther,
591 3972 728 4036 Itbcrber
747 3973 816 4034 und
839 3973 970 4036 mirasse
990 3987 1049 4030 von
1070 3967 1293 4047 Stroussfnrtlr
1318 3966 1406 4028 iiber-

110 4071 233 4156 yeben
253 4067 314 4130 nlla
336 4066 401 4130 itero
424 4067 524 4130 Giitcr
544 4066 580 4128 in
601 4062 811 4126 llcrtsclrlclrerr
832 4063 901 4123 clean
922 4059 1045 4122 Klostcr
1066 4057 1180 4138 Pt'orte.

251 4193 498 4251 Hdsclrr.:T163,
530 4190 602 4245 1171
622 4188 796 4258 (titvehre).

251 4287 365 4342 Druck:
384 4285 518 4340 Dmttccb:
542 4283 627 4352 Wolff
641 4281 684 4350 II,
702 4285 762 4335 368.

167 4416 341 4482 Omnibus
363 4415 477 4476 Christi
504 4411 651 4475 fidelibus
679 4428 809 4493 presens
832 4408 929 4488 script
931 4425 984 4468 um
1007 4406 1134 4469 visuris
1176 4403 1243 4468 Nos
1264 4403 1406 4466 (luntbe-

53 4539 140 4596 rus,
173 4508 368 4575 Eberherus
389 4511 420 4569 et
441 4506 505 4568 dict
492 4511 544 4567 tus
562 4503 694 4566 Schssse
716 4501 828 4561 iratres
850 4499 923 4559 dicti
946 4496 1131 4559 deStusl'ort
1151 4495 1407 4576 rwecognosoimns

52 4621 210 4678 tenore
232 4599 447 4682 presencium
470 4597 554 4678 qnod
579 4593 686 4656 omnia
707 4591 789 4653 bona
812 4595 884 4652 nost
885 4590 934 4664 ra,¹
955 4608 1018 4670 que
1042 4589 1074 4648 in
1097 4586 1171 4648 ville
1191 4585 1406 4648 Heintzscbis-

123 4707 306 4756 nmmum
314 4707 335 4745 o
343 4706 379 4746 rr.
388 4705 410 4746 s.
427 4703 570 4745 saxxxm.
1172 4685 1206 4736 29
