3410 5146
333 345 383 404 110
714 339 942 404 Urkundenbucb
960 339 1008 402 des
1026 339 1153 404 Klosters
1171 341 1274 402 Piorte

369 498 517 562 Klb'stem
541 496 688 580 Hersfeld
706 498 776 561 aad
794 497 902 578 Pfortc
921 498 995 560 iiber
1016 497 1069 560 des
1090 497 1229 561 canaan
1249 496 1461 576 Besitauapcn
1481 497 1514 562 in
1539 497 1627 562 Vduo

370 589 438 652 aad
459 587 677 652 Heasctteoea.

479 727 609 785 Hdactrs
625 719 717 782 D35¹³
734 727 788 794 (tit.
808 725 885 796 Ver).
908 726 933 780 Τ
939 729 998 780 143.

482 832 594 886 mae:
613 832 748 886 natea.-
779 829 859 899 Wozff
871 830 903 896 r,
922 835 982 890 315.

409 959 489 1024 Onm
515 980 611 1042 super
637 959 780 1041 querela,
809 977 870 1040 que
893 959 1075 1023 vertebatur
1102 960 1185 1023 inter
1213 958 1359 1022 abbatem
1385 963 1417 1022 et
1443 963 1627 1021 conventum
1697 955 1698 1002 i

329 1047 573 1112 Hersfeldenses
604 1069 646 1112 eu
682 1067 746 1111 una
782 1055 871 1131 parte
906 1055 937 1110 et
969 1048 1115 1112 abbatem
1142 1053 1173 1111 et
1201 1054 1395 1112 conventum
1418 1048 1457 1112 de
1478 1047 1573 1112 Porta
1593 1066 1627 1110 ar

328 1138 403 1216 alia,
428 1138 485 1200 iliu
505 1143 666 1221 ageretur,
687 1137 815 1201 tandem
837 1138 1099 1220 compromissum
1121 1142 1169 1200 est
1189 1139 1222 1200 in
1243 1137 1390 1216 arbitros
1411 1137 1560 1201 videlicet
1579 1155 1628 1219 pro

329 1234 416 1310 parte
436 1227 713 1290 Hersfeldensium
739 1227 773 1288 in
795 1225 980 1289 Ounradimr
1010 1226 1156 1290 abbatem
1183 1227 1222 1290 de
1245 1227 1433 1310 Bretingen‚
1462 1226 1627 1290 Elbuinunr

328 1317 523 1400 prepositum
545 1316 585 1378 de
607 1314 691 1379 Lacu
714 1321 746 1378 et
766 1315 813 1380 Ro
835 1317 1044 1379 camerarium
1063 1315 1185 1379 abbatis
1196 1315 1447 1395 Hersfeldensis,
1469 1335 1525 1398 pro
1550 1328 1629 1398 parte

330 1405 532 1469 Portensium
578 1407 611 1467 in
649 1405 847 1468 Frideriernn
883 1404 1030 1468 abbatem
1068 1405 1381 1484 Walkenridensem,
1416 1403 1629 1468 Eberhardum

328 1494 475 1558 abbatem
500 1496 539 1558 de
557 1495 647 1557 Valle
670 1495 770 1558 sancti
792 1494 920 1576 Georgii
946 1502 978 1558 et
999 1494 1219 1558 Eberhardum
1245 1495 1384 1578 priorem
1409 1494 1449 1558 de
1470 1493 1580 1572 Porta,
1604 1498 1630 1555 et

329 1605 402 1647 cum
430 1585 538 1648 farore
568 1585 704 1666 partiunt
736 1583 836 1646 additi
863 1590 938 1647 sunt
963 1584 1089 1648 arbitris
1109 1585 1228 1649 Witelo
1254 1584 1352 1648 abbas
1374 1586 1473 1648 sancti
1497 1583 1583 1647 Petri
1602 1584 1629 1644 in

328 1672 477 1736 Erfordia
508 1679 540 1736 et
566 1693 672 1736 comes
700 1671 901 1754 Lanrpertus‚
934 1675 989 1755 qui
1014 1675 1110 1738 huius
1136 1675 1222 1738 modi
1250 1673 1415 1737 arbitrium
1446 1673 1630 1756 pronuncia-

1689 17 1698 172 t

328 1768 460 1840 rerunt,
487 1762 636 1826 videlicet
671 1768 721 1838 ut,
749 1763 901 1844 quicquid
928 1763 1098 1828 Fortenses
1125 1784 1181 1847 pro
1208 1765 1398 1847 proprietate
1431 1763 1491 1825 sibi
1516 1763 1548 1825 in
1573 1762 1632 1824 Ver
1697 1827 1698 1830 ,

330 1853 549 1928 vendicarant,
572 1851 688 1934 pulsati
717 1853 749 1914 in
775 1852 844 1915 iure
871 1853 1087 1916 defenderent.
1135 1852 1237 1936 Super
1265 1863 1306 1916 XI
1332 1859 1438 1916 autem
1466 1852 1585 1914 mansis
1604 1860 1630 1914 et
1697 1879 1698 1912 t

329 1941 470 2019 dimidio,
491 1960 572 2021 quos
593 1960 699 2004 comes
720 1939 908 2023 Lampertus
928 1940 1065 2005 habebat
1084 1943 1117 2004 in
1140 1942 1304 2019 beneficia
1327 1943 1372 2004 sic
1391 1939 1532 2004 arbitrati
1555 1949 1630 2004 sum.

328 2037 364 2093 ut
384 2031 555 2094 transuem
577 2031 609 2092 in
632 2031 855 2093 hereditariam
875 2032 1108 2114 possessionem
1119 2031 1284 2094 Portensis
1305 2030 1438 2094 ecclesie
1460 2029 1514 2092 tati
1538 2037 1631 2113 pacto,

328 2127 364 2182 ut
395 2120 434 2183 de
462 2139 572 2184 manso
599 2120 760 2184 solverent
785 2141 885 2184 unum
913 2121 979 2184 loth
1005 2122 1139 2185 ecclesie
1160 2121 1400 2200 Hersfeldensi‚
1427 2126 1458 2183 et
1484 2121 1510 2184 si
1531 2128 1632 2202 preter

327 2209 399 2272 ilios
420 2210 556 2293 amplius
578 2210 617 2272 de
637 2211 721 2292 agris
732 2209 969 2274 Hersfeldensis
990 2211 1124 2275 ecclesie
1147 2217 1355 2294 occupassent
1378 2228 1481 2290 usque
1500 2210 1539 2272 ad
1557 2209 1630 2271 iilud

328 2304 468 2382 tempus,
502 2299 574 2362 illos
606 2299 665 2361 sub
698 2301 810 2364 eodem
840 2319 938 2364 censu
965 2301 1165 2382 possiderent
1191 2320 1250 2364 nec
1279 2300 1428 2381 deinceps
1456 2299 1632 2362 inconsulto

329 2388 442 2452 abbate
471 2389 690 2452 Hersfeldeusi
726 2390 764 2453 de
798 2390 890 2452 bonis
923 2391 992 2454 eius
1021 2390 1141 2472 aliquid
1171 2391 1399 2470 conquirerent
1424 2390 1632 2452 transactione

330 2480 396 2540 sive
429 2479 683 2542 commutatione.
725 2479 861 2563 hisuper
886 2480 1068 2543 condictum
1095 2486 1157 2558 est,
1179 2485 1214 2542 ut
1234 2484 1340 2562 preter
1359 2476 1483 2540 nudum
1505 2497 1633 2541 censum

328 2569 493 2644 annuatim
523 2567 712 2632 solvendum
733 2575 874 2652 tempore
895 2575 1011 2632 stabito
1033 2571 1065 2632 in
1088 2569 1176 2632 nullo
1198 2570 1326 2652 penitus
1347 2567 1517 2630 Portenses
1540 2587 1633 2630 rexa-

327 2665 438 2720 rentur
466 2657 505 2720 ab
527 2658 808 2722 Hersfeldensibns
835 2678 895 2722 nec
922 2659 1029 2740 aliqua
1059 2679 1101 2723 ex
1123 2677 1219 2722 cansa
1241 2658 1442 2721 traherentur
1469 2657 1510 2720 ad
1531 2656 1635 2719 civilia

327 2747 460 2826 indicia,
491 2767 552 2828 que
576 2747 670 2830 vulgo
698 2749 849 2811 dicuntur
877 2748 968 2831 ding,
990 2749 1046 2812 sed
1067 2754 1210 2813 cessante
1232 2741 1318 2810 omni
1341 2747 1508 2809 exactione
1529 2752 1561 2809 et
1582 2745 1634 2808 ob-

328 2837 438 2916 sequio
474 2836 581 2898 servili
613 2842 644 2899 et
671 2838 758 2899 omni
783 2857 878 2920 pena,
909 2857 970 2918 que
997 2838 1113 2901 dicitur
1134 2845 1242 2915 wette,
1269 2837 1320 2900 vet
1347 2855 1551 2917 quocumque
1574 2835 1634 2898 atio

328 2926 456 2987 nomine
472 2933 656 3000 censeatur,
676 2927 710 2988 in
729 2946 932 3008 quocumque
953 2947 1029 2990 casu
1048 2929 1128 2992 solet
1145 2928 1262 3010 infligi,
1285 2933 1317 2989 et
1334 2925 1475 3007 qualibet
1490 2927 1634 3008 captione

329 3016 458 3077 omnino
480 3022 624 3078 cessante
646 3014 744 3079 libere
764 3017 832 3079 iure
854 3017 1044 3081 hereditario
1060 3019 1203 3100 predicta
1219 3017 1419 3100 possiderent
1435 3022 1467 3078 et
1483 3026 1637 3098 preterea,
1696 3057 1697 3066 η

329 3103 414 3184 quod
453 3103 550 3168 abbas
581 3105 818 3169 Hersfeldensis
856 3106 967 3170 eadem
1004 3107 1088 3170 bona
1121 3110 1152 3171 io
1191 3107 1310 3170 nnllam
1344 3105 1438 3168 aliam
1467 3123 1636 3188 personam
1696 3143 1697 3148 κ

327 3193 432 3256 valeat
458 3194 629 3256 transferre
659 3195 692 3256 in
724 3194 880 3258 beneficio
908 3197 973 3260 sire
1003 3215 1205 3278 quocumque
1228 3195 1330 3277 tytulo
1352 3195 1552 3278 possidenda.
1594 3195 1637 3258 L't
1696 3199 1697 3214 *

328 3289 434 3346 autem
466 3284 505 3346 ad
532 3284 589 3346 hec
619 3284 725 3347 omnia
756 3285 854 3348 abbas
887 3285 1123 3350 Hersfeldensis
1145 3307 1218 3350 cum
1241 3285 1379 3369 capitulo
1402 3303 1460 3347 suo
1480 3294 1637 3368 prestaret

326 3372 468 3435 favorem
497 3391 590 3436 suurn
618 3378 649 3436 et
680 3379 744 3436 tam
769 3374 853 3437 bona
874 3375 934 3437 ista
955 3395 1049 3456 quam
1071 3376 1291 3440 molendinum
1313 3377 1346 3437 in
1368 3373 1636 3439 Hentscusleibeo

328 3480 401 3524 euru
433 3462 639 3525 attinentibus
671 3483 785 3526 novem
816 3465 936 3528 mansis
967 3472 999 3528 et
1028 3466 1159 3529 dimidio
1186 3465 1351 3549 privilegio
1379 3482 1436 3526 suo
1458 3469 1490 3526 et
1506 3465 1639 3549 capituli

325 3550 504 3629 roboraret,
532 3552 654 3614 dabunt
681 3553 710 3615 ei
736 3553 905 3617 Fortenses
931 3557 1009 3617 XX¹¹
1035 3575 1158 3619 marcas
1176 3559 1249 3618 ante
1270 3553 1492 3638 Epyphaniam
1515 3555 1638 3617 domini

327 3647 359 3703 et
390 3638 467 3704 alias
497 3644 575 3704 ΧΧῃ
602 3647 674 3704 ante
703 3643 894 3706 dominicam
916 3644 1097 3724 Invocavit‚
1125 3652 1157 3709 et
1186 3653 1331 3728 preterea
1355 3662 1451 3725 super
1477 3643 1640 3726 quinqua·

328 3731 415 3812 ginta
446 3731 577 3808 marcia,
609 3751 688 3812 quas
718 3732 816 3796 abbas
843 3734 1080 3798 Hersfeldensis
1110 3734 1318 3798 Portensibus
1349 3738 1477 3796 tenetur
1503 3733 1641 3812 solvere,

328 3820 399 3881 date
432 3827 506 3882 sunt
536 3821 664 3884 inducie
696 3841 714 3882 a
744 3822 825 3886 testo
854 3823 939 3886 beati
965 3823 1106 3903 Martini,
1134 3825 1218 3905 quod
1249 3823 1386 3886 occurrit
1410 3841 1494 3883 anno
1515 3823 1640 3886 domiui

327 3915 517 3988 tt⁰t¹c⁰xlx⁰‚
551 3927 653 3991 usque
687 3911 726 3973 ad
760 3911 841 3974 dnos
876 3931 984 3974 annos.
1034 3913 1124 3988 Quod
1153 3915 1179 3986 si
1205 3919 1282 3976 tunc
1305 3931 1370 3974 non
1400 3911 1566 3990 solverint,
1601 3914 1642 3976 dc
1695 3977 1696 3982 ,

327 4017 426 4062 censu
457 3999 490 4061 in
518 3998 786 4064 Hentscusleiben
818 4003 933 4064 eadent
964 4003 1025 4082 due
1059 4023 1164 4066 maroe
1195 4011 1227 4066 et
1257 4022 1341 4066 rurus
1362 4001 1458 4078 ferto,
1481 4001 1508 4063 si
1530 4011 1644 4066 autem

327 4087 491 4168 solverint,
514 4088 609 4152 stabit
629 4109 744 4154 censue
767 4098 903 4172 quatuor
923 4111 1028 4156 marce
1050 4099 1082 4156 et
1103 4093 1242 4156 dimidia.
1283 4091 1354 4155 Hoc
1376 4091 1542 4154 arbitrium
1564 4113 1644 4176 pro·
1695 4095 1696 4163 i

327 4179 552 4242 nunciarimus
583 4199 641 4242 nos
668 4179 835 4243 Ounradus
862 4181 900 4244 de
922 4181 1111 4264 Bretingen,
1139 4183 1256 4247 Witeio
1283 4183 1322 4245 dc
1350 4187 1459 4244 sancto
1479 4181 1576 4244 Petro
1609 4185 1644 4246 in

328 4267 487 4347 Erfurdia,
507 4269 687 4332 Fn'dericus
705 4271 744 4334 de
761 4270 960 4349 Walkcnrid,
989 4271 1193 4336 Euerhardus
1216 4274 1254 4337 de
1271 4271 1363 4334 Valle
1390 4272 1491 4334 sancti
1506 4272 1644 4356 Georgii

328 4357 472 4432 abbatae,
503 4358 661 4422 Elbuinus
687 4361 865 4442 prepositus
895 4359 933 4422 de
960 4359 1058 4440 Lacu,
1089 4363 1136 4426 Ro
1164 4363 1358 4426 camerarius
1384 4359 1508 4424 abbatis
1536 4361 1646 4426 Hers-

324 4447 491 4526 feldensis,
519 4447 724 4512 Euerhardus
749 4449 836 4531 prior
857 4449 1019 4514 Portensis
1045 4458 1077 4516 et
1096 4451 1284 4537 Lampertus
1302 4469 1409 4514 comes
1430 4451 1470 4514 de
1492 4451 1647 4518 Glieben.

324 4535 432 4599 Testes
465 4543 588 4614 autem,
619 4537 652 4597 in
685 4555 822 4620 qnorum
851 4540 1010 4624 presentia
1036 4541 1095 4604 hoe
1123 4549 1225 4626 gesta,
1253 4547 1327 4604 sinit
1358 4539 1543 4604 Guntberus
1565 4563 1648 4628 prc-
