3402 5152
299 345 351 401 398
674 341 905 402 Urkundenbuch
923 345 971 402 des
989 345 1115 402 Kloaters
1134 345 1237 404 Psorte.

379 495 446 562 Nos
467 497 639 562 Heinricus
660 498 709 562 dei
731 501 831 581 gratia
852 518 958 563 comes
981 499 1020 563 de
1040 499 1236 566 Orlamunde
1260 503 1456 584 presentium
1483 507 1592 566 attesta-

299 591 384 654 tione
406 592 675 672 recognoscimus,
703 591 804 674 quod,
825 609 899 654 curn
920 594 1109 674 permutatio
1131 592 1287 656 bonorum
1308 593 1342 655 in
1362 593 1439 655 villa
1459 592 1592 676 Lyziges·

299 679 391 764 torph
418 680 563 744 videlicet
591 686 622 744 61
642 681 845 746 Libenstethe
873 682 956 744 inter
976 682 1172 746 venerabiles
1193 687 1297 766 patros
1318 683 1356 746 de
1379 683 1555 748 Hersfeldia
1570 688 1593 744 61

300 771 338 834 de
357 770 451 834 Porta
472 770 601 834 abbates
624 771 819 836 rationabilis
841 777 924 836 esset
943 772 1033 846 facta,
1052 793 1109 836 nos
1130 772 1213 836 bona
1232 775 1266 836 in
1288 771 1513 856 Lyzigestorph
1534 793 1592 836 cum
1692 777 1693 788 ¹

299 860 369 924 iure
396 865 582 944 patronatus
608 862 739 926 ecclesie
765 861 883 926 ibidem
911 881 948 924 ac
974 861 1045 926 aliis
1074 863 1230 927 bonorum
1253 864 1456 946 appenditiis,
1477 884 1549 927 cum
1567 865 1592 925 in

299 953 530 1034 permutatione
566 954 738 1036 prescripta
768 952 912 1016 Portensi
951 955 1080 1017 ecclesie
1114 956 1297 1032 cessissent,
1337 955 1467 1018 domino
1502 961 1594 1018 nostro
1693 971 1694 1034 }

299 1041 403 1105 abbati
415 1040 645 1120 Hersfeldensi,
667 1064 685 1106 6
707 1061 770 1126 quo
791 1044 882 1106 eain
904 1043 993 1108 feodo
1015 1046 1187 1125 tenuimus,
1208 1045 1450 1128 resignavimus
1472 1065 1594 1129 quorum
1693 1061 1694 1110 i

301 1134 368 1195 vice
389 1131 472 1196 bone
493 1134 526 1194 in
545 1130 726 1197 Libenstete
746 1153 820 1197 cum
842 1135 912 1198 iure
933 1141 1118 1218 patronatus
1139 1135 1268 1199 ecclesie
1288 1134 1415 1214 ibidem,
1437 1155 1501 1218 que
1522 1138 1595 1220 prius

299 1222 423 1286 cenobii
445 1225 571 1288 fuerant
591 1224 781 1305 Portensis¹,
802 1226 841 1289 de
864 1245 963 1289 manu
985 1226 1103 1289 domini
1133 1225 1255 1289 abbatis
1283 1225 1531 1303 HersfeldcnsiS,
1554 1228 1596 1290 cui
1692 1247 1693 1272 t

301 1333 356 1396 per
386 1314 607 1378 concambium
641 1320 816 1395 cesserant,
845 1335 904 1380 666
935 1317 1112 1399 suscepisse
1143 1315 1306 1380 feodaliter
1334 1317 1529 1400 profitemur.
1565 1317 1595 1379 16

299 1403 397 1467 huius
434 1406 479 1468 rei
516 1405 706 1468 evidentiam
741 1425 777 1468 66
808 1406 1000 1488 perhennem
1032 1407 1219 1469 memoriam
1248 1410 1427 1487 presentem
1460 1409 1597 1490 paginam
1692 1449 1693 1502 q

300 1494 403 1576 sigillo
432 1501 540 1558 nostro
572 1495 705 1560 fecimus
732 1497 932 1560 communiri.
979 1493 1097 1559 Datum
1125 1515 1208 1558 anno
1237 1496 1359 1560 domini
1380 1506 1598 1572 M00000v110,

299 1595 375 1649 ΠΙΙ0
396 1586 468 1648 idus
489 1586 571 1650 Iulii.

369 1719 381 1746 ⁸
400 1720 536 1791 pertensis
554 1721 662 1777 cenobii
681 1723 794 1777 fuerant
815 1722 840 1776 T

301 1924 417 2006 1307.
441 1923 681 2007 November
695 1925 757 2007 22.
1516 1927 1598 2008 424.

389 2071 494 2136 Utrich
524 2071 663 2154 Bischof
688 2093 747 2136 666
770 2070 959 2150 Naonrburp
988 2071 1113 2134 sclerati
1144 2071 1212 2134 (1666
1245 2071 1369 2136 Kloster
1401 2073 1511 2154 Psorte
1539 2095 1602 2139 aum

340 2163 456 2228 Ersota
476 2165 532 2244 fair
556 2163 705 2240 Veriusie,
728 2164 778 2226 die
798 2161 936 2226 dossetbe
956 2161 1055 2225 durch
1077 2162 1145 2224 eine
1161 2161 1263 2224 Foloe
1282 2163 1434 2227 awischerr
1455 2164 1521 2228 1166
1542 2165 1602 2228 arrd
1693 2217 1694 2234 ,

340 2253 408 2316 dem
437 2254 651 2335 Morkprofen
680 2253 834 2317 Heinrich
861 2273 920 2316 ooo
946 2251 1184 2331 Brundeoburp
1217 2252 1339 2316 erlitten
1369 2254 1441 2330 aar,
1473 2255 1602 2337 66916161

341 2345 424 2409 auch
453 2366 508 2408 um
536 2347 587 2410 die
611 2345 658 2409 bei
684 2346 740 2408 der
762 2343 945 2422 Grdndurry
967 2344 1020 2406 des
1041 2341 1183 2408 Klosters
1204 2363 1271 2408 corn
1289 2343 1516 2428 Nuurrvburper
1536 2347 1603 2412 Bis·

341 2436 429 2500 teum
460 2438 686 2518 equepanpeoe
711 2434 946 2515 Verpftiohiurrp
977 2454 1019 2498 66
1051 2433 1199 2517 erfrilten,
1234 2435 1293 2499 das
1318 2435 1510 2518 Elpenthum
1539 2440 1604 2503 iiber

345 2531 364 2592 5
385 2526 497 2609 Hersen
518 2527 553 2590 16
570 2527 755 2607 Altenburp.

349 2693 353 2701 ·
453 2663 584 2717 Hdecba:
602 2661 632 2716 D
645 2654 726 2717 63³¹.
763 2663 844 2718 Noch
859 2663 974 2717 andem
989 2663 1099 2732 Vorlape
1119 2663 1144 2716 T
1152 2667 1195 2717 53.

451 2765 562 2820 eruca.-
580 2765 712 2820 Deatsoh:
739 2765 823 2834 Wolff
837 2767 878 2834 H,
897 2771 956 2820 324.
1000 2766 1055 2834 Vql.
1076 2765 1200 2834 Lepsios,
1219 2765 1267 2820 ΚΖ.
1278 2765 1353 2820 Schr.
1365 2767 1406 2833 H,
1428 2771 1487 2821 145.

380 2904 417 2968 In
450 2905 578 2968 nomine
610 2904 739 2966 domini.
784 2905 898 2968 Amen.
950 2903 1078 2967 Vlricus
1115 2903 1165 2967 dei
1202 2905 1309 2986 gracia
1345 2903 1609 2989 Nueuburgensis

301 2995 432 3061 ecclesie
462 2996 629 3078 episcopus
660 2993 810 3057 omnibus
841 2995 900 3056 hoc
931 2997 1083 3078 scriptum
1115 2995 1232 3058 visuris
1258 2995 1291 3056 in
1320 3001 1520 3077 perpetuum.
1565 2995 1612 3057 Ex

302 3105 366 3170 quo
393 3092 520 3148 auctore
548 3083 605 3146 deo
633 3103 729 3166 super
747 3084 900 3147 familiam
923 3085 1024 3166 ipsius
1045 3083 1118 3146 licet
1138 3083 1262 3166 indigni
1283 3085 1447 3146 constituti
1470 3085 1612 3152 6666661.

304 3179 337 3239 16
362 3177 419 3238 hoc
440 3173 542 3240 fidelis
564 3181 594 3238 61
614 3174 779 3258 prudentis
801 3176 882 3237 servi
905 3173 1045 3237 officium
1068 3194 1123 3256 pro
1142 3173 1271 3236 modulo
1285 3179 1394 3238 nostro
1412 3176 1614 3257 exequimur,

304 3269 331 3330 si
361 3267 538 3341 iusticiam,
568 3285 663 3347 quam
698 3263 833 3328 subditis
858 3265 973 3328 nostris
1001 3264 1105 3328 verbis
1132 3263 1346 3352 pstendimus,
1376 3264 1437 3347 ipsi
1464 3263 1614 3348 operibus
1690 3325 1691 3332 ,

303 3365 477 3420 teneamus.
517 3355 595 3418 Inde
623 3361 685 3434 est,
713 3355 797 3437 quod
824 3356 1022 3419 universitati
1043 3354 1184 3418 fidelium
1205 3358 1270 3416 tem
1292 3356 1492 3436 presencium
1518 3375 1614 3438 quam
1690 3349 1691 3374 ³

303 3449 483 3512 futurorum
506 3451 651 3510 constare
672 3445 837 3525 volumus,
860 3446 944 3528 quod
965 3446 1154 3508 inimicicia*
1176 3449 1286 3528 patens
1306 3445 1374 3508 sive
1394 3465 1520 3527 gwerra
1542 3465 1614 3508 curn

304 3542 452 3620 ageretur
478 3538 561 3599 inter
589 3555 648 3599 nos
675 3555 715 3598 ex
744 3555 809 3598 una
836 3541 866 3599 et
892 3536 1059 3599 dominum
1085 3535 1297 3612 Hleinricum]
1329 3535 1552 3598 marchionem
1581 3533 1618 3596 de

307 3625 534 3707 Brandinburg
562 3635 648 3704 parte
677 3644 716 3688 ex
743 3625 855 3705 altera,
884 3625 1084 3689 honorabiles
1112 3627 1171 3687 viri
1201 3625 1313 3688 fratres
1337 3623 1377 3688 de
1402 3624 1498 3688 Porta
1526 3624 1620 3688 nobis
1689 3683 1690 3690 ,

305 3719 409 3780 dilecti
438 3718 470 3778 in
499 3714 602 3778 medio
628 3715 738 3778 licium
763 3715 938 3779 hincinde
968 3715 1213 3798 confligencium
1235 3715 1328 3798 positi
1348 3715 1567 3779 contumelias
1587 3717 1619 3777 in
1689 3701 1690 3780 1

305 3809 372 3870 6616
393 3807 567 3884 conversis,
595 3807 729 3870 iniurias
757 3811 788 3868 et
814 3805 949 3889 dampna
979 3806 1116 3888 plurima
1141 3807 1174 3868 in
1204 3807 1271 3868 suis
1299 3806 1428 3870 rusticis
1454 3825 1491 3868 ac
1521 3805 1620 3868 rebus

304 3917 360 3982 per
391 3902 531 3960 nostram
563 3897 715 3960 familiam
748 3897 961 3978 pertulerunt,
992 3898 1035 3959 ita
1066 3901 1102 3959 ut
1131 3895 1287 3979 plerique,
1318 3897 1417 3979 proch
1437 3896 1548 3976 dolor,
1581 3914 1621 3959 ex

310 4007 419 4051 eorum
446 3988 574 4049 rusticis
602 3987 757 4050 interiecti
777 3987 881 4069 gladio
903 3987 1066 4066 caderent,
1092 3987 1207 4068 reliqui
1236 4006 1309 4049 vero
1337 3987 1438 4070 plagis
1464 4006 1527 4050 seu
1553 4005 1622 4048 ver-

306 4077 435 4142 beribus
465 4077 569 4140 detriti
601 4079 654 4139 vix
676 4075 864 4160 aufugerent
889 4079 1043 4140 semivivi.
1087 4076 1232 4140 Crassum
1249 4078 1347 4160 igitur
1367 4077 1449 4139 hanc
1463 4077 1622 4140 iniuriam

307 4169 399 4232 dictis
420 4166 570 4230 fratribus
596 4167 633 4229 de
655 4165 751 4228 Porta
772 4187 790 4229 a
811 4172 918 4230 nostra
939 4167 1059 4229 familia
1082 4167 1256 4230 exhibitam
1277 4171 1350 4230 6616
1372 4167 1480 4230 666166
1512 4173 1624 4230 nostre

306 4260 502 4322 consciencie
523 4257 602 4320 ferro
623 4275 688 4318 666
711 4255 850 4320 valentes
871 4257 1093 4334 incorrectam,
1121 4258 1197 4340 ipsis
1222 4257 1402 4320 satisfacere
1420 4257 1625 4332 curavimus

306 4355 399 4432 prout
423 4346 581 4409 facultatis
602 4349 709 4408 nostre
731 4345 879 4408 modulus
901 4345 1089 4428 requirebat.
1132 4345 1224 4410 Unde
1245 4351 1370 4410 maturo
1389 4346 1458 4410 freti
1481 4345 1626 4410 consilio

306 4441 340 4501 in
371 4437 535 4501 emendam
568 4442 599 4499 et
629 4442 806 4498 restaurum
840 4438 1028 4500 iniuriarum
1061 4456 1118 4500 seu
1150 4436 1361 4519 dampnorum
1400 4435 1624 4520 predictorum

306 4529 457 4593 fratribus
484 4527 522 4590 de
549 4526 645 4590 Porta
675 4545 748 4609 sepe
774 4525 865 4590 dictis
895 4527 932 4590 de
962 4547 1048 4590 mera
1076 4527 1238 4592 voluntate
1264 4527 1453 4591 donavimus
1474 4529 1628 4612 proprie·
1687 4571 1688 4615 ,
