3392 5150
315 381 368 437 282
688 385 917 444 Urlrundenbuch
936 388 984 445 des
1002 389 1128 446 Klosters
1146 391 1247 448 Psorte.

317 542 368 598 tus
399 541 430 599 et
459 537 554 600 unius
584 538 718 601 fertonis
747 539 779 601 in
815 540 889 603 villa
915 542 1181 626 Wolfingesdort,
1214 554 1311 624 quos·
1342 543 1545 609 Gebehardus
1572 545 1603 608 dc
1680 577 1681 612 t

315 625 482 690 Haldelrlre
514 648 530 689 a
558 628 719 692 nobilibus
742 631 925 700 comitibus.
953 633 1102 696 dominol
1128 634 1314 697 Hermanno
1341 639 1373 697 et
1397 633 1546 698 Heinrico
1571 635 1603 698 de
1680 627 1681 698 J

316 715 489 797 Osternelt,
510 719 541 780 in
563 719 657 782 feodo
679 722 789 800 tenuit,
809 729 881 804 post
901 723 1153 804 resignacionem
1174 724 1213 786 ad
1236 743 1349 786 manus
1372 741 1484 787 eorum
1502 725 1601 787 factam
1680 715 1681 738 ³

316 807 355 870 ab
382 807 429 870 eis
455 827 548 890 prece
576 815 608 872 et
633 810 790 873 instancia
817 812 907 875 fideli
929 813 1103 876 devocione
1125 811 1274 890 obtinuit,
1301 819 1337 875 ut
1361 812 1458 878 iidem
1488 815 1602 877 comites

317 896 393 961 Her.
415 903 447 960 et
463 897 504 960 H.
525 897 617 961 nobis
638 899 677 962 ad
700 920 813 964 manus
836 909 959 965 nostras
980 904 1212 986 possessionem
1234 901 1419 967 eorumdem
1437 903 1600 968 reddituum

318 988 528 1070 resignarent,
554 1005 591 1051 eo
614 990 697 1070 quod
726 1010 780 1054 eos
801 1011 820 1052 a
841 991 933 1055 nobis
954 994 1023 1056 iure
1045 993 1202 1058 consimili
1224 993 1431 1077 possiderent
1473 994 1543 1057 Post
1561 1014 1601 1056 re·

317 1075 531 1158 signacionem
562 1079 658 1160 igitur
685 1100 703 1142 a
728 1080 927 1165 prescriptist
955 1082 1124 1146 comitibus
1152 1083 1192 1146 ad
1218 1103 1332 1147 manns
1360 1089 1484 1148 nostras
1503 1083 1602 1147 laeum

317 1184 375 1227 nos
407 1184 463 1248 pro
495 1168 599 1231 anime
633 1175 738 1232 nostre
770 1170 890 1234 salubri
920 1173 1060 1236 remedio
1089 1179 1281 1237 memoratos
1308 1175 1453 1238 redditus
1473 1173 1601 1236 Portensi

316 1258 507 1319 monasterio
528 1259 560 1319 in
583 1259 745 1342 proprium
767 1259 914 1324 dedimus
935 1264 1136 1345 proprietatis
1158 1265 1260 1344 tytulo
1281 1269 1436 1348 perpetuo
1457 1262 1604 1346 possiden·

318 1345 383 1407 dos.
425 1346 528 1428 Igitur
555 1354 590 1410 nt
614 1350 673 1412 hec
702 1357 810 1412 nostra
831 1351 965 1414 donacio
987 1361 1018 1416 et
1040 1353 1258 1436 adpropriacio
1280 1373 1407 1438 semper
1428 1359 1545 1415 maneat
1562 1352 1604 1413 in-

318 1435 483 1511 convulsa,
527 1446 705 1521 presentem
746 1438 882 1504 litteram
919 1442 1012 1505 scribi
1040 1444 1175 1506 fecimus
1201 1449 1233 1508 et
1260 1443 1355 1526 sigilli
1381 1444 1479 1506 nostri
1503 1441 1603 1504 robore

317 1527 516 1589 ririrrrmnniri.
562 1529 670 1592 Testes
707 1529 801 1592 liuius
830 1531 875 1594 rei
902 1539 976 1594 suut
1004 1552 1111 1596 comes
1137 1533 1318 1596 Fridericus
1345 1533 1384 1596 de
1410 1530 1604 1596 Rubenswnlt

317 1613 560 1680 Heinemannus
593 1618 632 1681 de
665 1619 779 1700 Hayn,
807 1620 990 1684 llridericus
1023 1622 1062 1685 de
1094 1622 1200 1687 Greist
1228 1623 1346 1686 milites
1377 1631 1409 1686 et
1439 1622 1489 1684 alii
1520 1639 1604 1701 quam

318 1703 433 1784 plur-es.
474 1704 592 1769 Datum
623 1713 655 1770 et
685 1710 810 1771 actuml
831 1709 980 1774 Wiaense
1014 1730 1097 1774 sturm
1128 1712 1549 1786 omniumomniuni,
1577 1711 1604 1770 in

318 1792 477 1856 dominica
498 1793 810 1880 Quasimodogenitit

388 1928 490 1998 ”quod
511 1929 540 1983 D
629 1921 641 1956 Ι·
658 1930 772 1986 dourino
789 1933 855 2000 petru
874 1934 903 1986 1)
990 1933 1150 2006 ⁰predictis
1169 1935 1199 1988 D
1286 1928 1298 1963 ‘¹
1326 1943 1354 1991 et
1380 1942 1473 1990 aetum
1499 1935 1560 2004 snat
1583 1933 1606 1987 lt

318 2009 329 2036 ⁰
348 2008 376 2061 in
395 2007 535 2064 dominica
554 2009 812 2084 Quasimodogeniti
831 2015 898 2081 fehlt
915 2013 945 2068 D

320 2276 436 2359 last.
461 2275 558 2360 Jutt
584 2278 648 2362 10.
1527 2275 1610 2360 ⁶284.
1680 2331 1681 2344 ι

397 2424 584 2508 Erklt‘irunp
619 2426 674 2488 der
703 2412 782 2489 dete
809 2424 941 2513 Ditem
972 2447 1030 2490 vore
1068 2425 1267 2492 Walteart'ed
1298 2425 1366 2488 und
1394 2424 1532 2488 Dicta-iel»
1559 2440 1610 2485 cerr

363 2511 469 2594 Pforte
500 2515 667 2593 bctrcffbnd
694 2515 761 2578 eine
790 2515 984 2596 Anderanp,
1014 2516 1124 2580 redde
1157 2515 1213 2578 der
1244 2513 1469 2596 Noumbarpcr
1497 2513 1613 2592 Bitryer

359 2603 486 2666 lbtneor
506 2608 541 2666 tn
563 2605 618 2667 der
648 2603 845 2685 Vcrwultanp
868 2607 953 2669 einer
972 2627 1031 2670 rien
1051 2606 1115 2669 tter
1134 2607 1191 2684 fiir
1213 2605 1367 2685 Spcisnnq
1388 2604 1443 2668 des
1464 2603 1614 2668 Kennatis
1679 2649 1680 2654 1

358 2711 400 2756 zu
422 2694 528 2774 Psortc
547 2694 722 2772 benachtet
744 2694 887 2775 Sttsteeq
907 2715 1137 2776 cerycncmmcn
1157 2695 1220 2758 tat.

471 2827 604 2885 lldscltrs
623 2828 652 2881 D
668 2819 717 2880 87b
735 2829 786 2895 (tit.
807 2827 915 2896 Extra).

470 2933 584 2987 Druck:
603 2933 737 2988 Deutaclr:
763 2933 847 3001 Wolff
853 2934 896 3000 II,
905 2939 966 2988 221.
985 2933 1041 3002 Vpl.
1053 2934 1203 3002 Perlucet,
1215 2939 1273 2988 119.
1285 2933 1537 2988 Bennett-Selaima}
1546 2931 1571 2996 1,
1582 2934 1616 2982 772
1678 2991 1679 3052 ἢ

403 3058 467 3122 Nos
491 3059 589 3122 irater
611 3057 774 3121 Ditmarus
796 3059 835 3122 de
855 3059 1070 3130 Walkimido,
1096 3057 1333 3138 llileoderiousl
1362 3059 1401 3122 dc
1425 3058 1521 3121 Porta
1549 3055 1616 3118 dicti
1678 3053 1679 3107 l

321 3147 450 3210 abbatos
479 3153 588 3210 notum
612 3149 747 3212 facimus
771 3149 828 3211 boc
850 3155 972 3214 tenore.
996 3149 1080 3229 qnod
1103 3149 1273 3212 servicium
1295 3149 1327 3209 in
1350 3149 1439 3223 virro,
1464 3147 1569 3210 simila
1592 3153 1617 3204 et

321 3236 469 3318 piscibus,
492 3239 576 3318 quod
601 3239 794 3300 honorabilis
815 3239 877 3312 vir,
899 3238 1084 3302 Dithmarus
1102 3239 1181 3301 civis
1203 3237 1473 3318 Noenborgensis,
1494 3256 1554 3319 pro
1576 3233 1620 3316 pie

321 3327 472 3391 memorie
484 3327 686 3390 Meclrtlrildis
708 3347 765 3390 suo
783 3329 894 3392 uxoris
916 3329 1020 3391 anime
1038 3327 1177 3391 remedio
1201 3336 1368 3410 proXXX·
1389 3327 1506 3389 marcis
1528 3322 1621 3405 [eom-
1677 3337 1678 3389 l

321 3414 516 3498 paraveratl²
543 3417 767 3480 aWinemaro
796 3417 960 3480 cellerario
982 3417 1135 3480 Portense
1162 3425 1313 3499 perpetuo
1336 3415 1494 3487 dandum,
1522 3413 1622 3476 taliter·

321 3507 536 3579 commutarit,
558 3513 651 3589 prout
671 3508 804 3569 inferius
826 3513 875 3569 est
896 3507 1083 3570 subiectum.
1126 3507 1371 3590 Compararerat
1384 3504 1549 3586 siquidem
1567 3503 1621 3564 iem

322 3595 426 3658 dictus
446 3595 483 3660 Ι).
509 3595 548 3658 ab
576 3595 687 3659 codem
717 3595 902 3659 Winemaro
931 3595 1094 3659 cellerario
1124 3595 1204 3658 diras
1235 3614 1356 3658 marcas
1383 3594 1483 3656 antini
1513 3609 1624 3656 census
1676 3619 1677 3671 l

322 3685 382 3748 sibi
403 3685 442 3748 de
465 3686 603 3766 quodam
624 3705 736 3749 manso
757 3687 790 3747 in
813 3685 931 3769 Poppal
954 3686 1123 3749 solvendas
1145 3685 1340 3769 temporibus
1362 3685 1426 3746 rite
1449 3703 1524 3761 sue,
1552 3701 1624 3762 qun<

322 3775 361 3838 de
383 3774 515 3840 consilio
537 3775 597 3837 lilii
619 3777 667 3838 sui
678 3775 829 3838 lobannis
850 3775 997 3838 monachi
1018 3783 1050 3838 et
1071 3774 1288 3838 subcellerarii
1300 3773 1473 3842 Portensis,
1498 3773 1540 3838 de
1558 3789 1625 3835 eon·

322 3883 419 3928 sensu
445 3865 546 3928 eciam
566 3862 774 3945 Thl'eoderici]
796 3884 882 3927 nnnc
903 3863 1058 3928 cellerarii
1081 3883 1117 3926 ac
1138 3864 1240 3926 tocius
1263 3867 1441 3926 conventus
1462 3862 1625 3925 voluntate
1675 3943 1676 3953 ἵ

322 3955 479 4031 unanimi,
506 3955 661 4037 assignari
682 3961 714 4016 et
732 3953 926 4037 appropriari
949 3953 1055 4016 officio
1078 3953 1295 4016 subcellerarii
1317 3952 1356 4016 de
1376 3951 1496 4016 eodem
1520 3969 1626 4015 manso

323 4044 444 4107 dandas
465 4051 617 4127 perpetuo
640 4045 735 4127 peciit
755 4054 787 4106 et
808 4043 953 4120 obtinuit
975 4049 1011 4105 ut
1031 4044 1077 4106 sio
1100 4042 1168 4106 sine
1186 4043 1299 4105 fraude
1322 4062 1359 4106 ac
1373 4041 1626 4106 contradictione

323 4134 493 4198 cuiuslibet
514 4135 689 4196 occasionis
711 4132 969 4205 subcellerarius,
1000 4133 1054 4212 qui
1082 4151 1138 4214 pro
1164 4139 1304 4214 tempore
1332 4131 1443 4204 ftrerit,
1472 4129 1627 4214 perceptis
1674 4201 1675 4204 Ἴ

323 4223 447 4286 duabus
472 4223 587 4286 marcis
614 4223 653 4284 de
676 4242 785 4286 manso
807 4223 890 4286 dicto
912 4221 946 4283 in
968 4221 1184 4284 anniversario
1206 4223 1345 4304 predicte
1368 4221 1493 4285 femine
1516 4231 1542 4282 V
1562 4219 1628 4282 idus
1674 4209 1675 4235 ¹

325 4314 443 4397 Aprilis
468 4321 656 4395 conpararet
679 4312 796 4376 exinde
824 4313 926 4395 pisces
953 4315 985 4373 et
1006 4310 1141 4372 similam
1149 4311 1170 4388 ¹³,
1199 4315 1339 4373 ceterum
1363 4307 1558 4372 cellerarius
1579 4327 1628 4391 pro

324 4422 387 4465 rma
407 4423 529 4478 marca,
548 4422 642 4483 quam
667 4421 740 4484 sepe
762 4401 846 4464 dicto
865 4400 902 4464 D.
924 4399 957 4461 in
979 4419 1077 4463 censu
1099 4399 1174 4462 dare
1197 4404 1416 4470 consueverat,
1435 4395 1456 4480 j
1476 4405 1626 4464 carnum
1673 4429 1674 4460 r

323 4494 386 4554 vini
415 4492 571 4559 melioris,
603 4492 688 4572 quod
719 4491 879 4568 habuerit,
907 4489 1106 4572 superaddat.
1149 4489 1194 4552 Ut
1218 4508 1293 4571 ergo
1321 4487 1510 4569 predictum
1537 4487 1627 4552 serri-
1673 4465 1674 4517 ¹

262 4655 264 4660 ,
322 4583 407 4650 oium
428 4582 527 4646 robur
548 4582 688 4648 obtineat
707 4581 877 4658 firmitatis,
897 4585 1077 4664 presentem
1099 4579 1235 4643 litteram
1250 4577 1427 4662 sigillorum
1447 4586 1626 4646 nostrorum
1672 4667 1673 4672 γ
