3442 5148
617 393 667 453 ΝΥ,
677 393 789 453 23-24.
810 395 885 453 1180,
1362 393 1396 446 89

105 555 199 632 preter
219 548 282 610 alia
303 549 433 612 donaria
454 568 510 632 pro
531 545 690 610 firmanda
710 547 858 610 clausura
880 545 1053 610 molendini
1070 546 1119 608 siri
1135 565 1153 606 a
1170 544 1288 622 littore,
1311 543 1395 624 quod

104 644 144 701 cst
166 639 200 700 in
230 643 318 720 parte
345 640 501 721 ipsorum,
522 655 624 718 usque
646 637 686 699 ad
708 638 887 720 oppositum
906 637 995 708 litus,
1018 635 1102 716 quod
1122 639 1171 696 est
1192 634 1276 716 agris
1297 633 1397 716 ipsius

103 727 341 807 conterminum,
362 729 507 810 coniugis
528 733 560 791 et
580 731 758 790 ceterorum
779 727 932 791 heredum
954 743 1085 786 suorum
1106 742 1273 787 consensu.
1314 721 1398 785 Talis

103 823 202 880 antem
222 817 378 900 pactionis
398 817 482 880 facta
503 823 551 880 est
572 818 740 880 conventio
762 818 846 880 inter
866 817 971 900 ipsum
992 819 1025 878 et
1047 815 1185 896 prefatos
1205 814 1331 891 iratres,
1353 819 1398 889 ut,

103 907 264 970 silluvius
289 906 497 970 inundatione
519 906 626 987 aliqua
651 908 717 970 sive
739 906 866 970 hiemali
889 905 938 970 vel
960 904 1079 986 glatiali
1102 905 1270 987 asperitate
1292 903 1398 966 termi-

104 1016 172 1060 num
194 994 277 1059 alvci
300 996 543 1079 supergrediens
563 994 693 1076 aliquod
710 996 882 1080 dampnum
905 1013 1001 1078 snper
1021 994 1201 1057 clausuram
1224 995 1308 1078 agris
1330 993 1399 1056 eius

103 1086 243 1160 inferret,
271 1087 479 1149 restitutionis
507 1086 602 1148 huius
628 1085 756 1168 dampni
779 1085 937 1149 debitores
959 1103 1022 1146 non
1044 1085 1227 1148 existerent.
1269 1081 1302 1146 Si
1323 1103 1399 1146 vero

103 1174 216 1238 fluvius
241 1174 368 1239 alveum
392 1193 456 1238 non
489 1175 649 1239 excedens
682 1176 766 1257 agris
795 1176 896 1258 ipsius
925 1173 1065 1255 aliquam
1092 1173 1231 1237 lesuram
1256 1172 1401 1235 intulerit

103 1284 193 1347 super
221 1264 402 1328 clausuram
434 1269 557 1328 tautum
587 1265 698 1341 modo,
735 1269 829 1348 prout
863 1263 1077 1328 iudicaverint
1107 1263 1216 1326 amici
1233 1263 1399 1342 utriusque

102 1356 203 1436 partis,
224 1355 397 1438 dampnum
419 1359 624 1437 conpetenter
644 1355 830 1418 restituetur
849 1373 868 1416 a
889 1353 1048 1416 trabibus.
1079 1351 1281 1414 Deinfen'ori
1294 1357 1400 1414 autem

105 1451 185 1525 parte
207 1444 297 1508 nulla
316 1463 459 1525 unquam
481 1443 639 1525 exigenda
661 1449 709 1506 est
729 1443 925 1506 restauratio.
944 1441 1126 1505 utacum
1146 1441 1205 1504 hec
1217 1440 1401 1504 constitutio

105 1541 167 1598 rata
187 1542 219 1598 et
237 1535 426 1598 inconvulsa
447 1536 480 1596 in
502 1541 690 1618 perpetuum
701 1541 894 1615 permaneat
915 1537 1024 1612 nostrq
1037 1532 1200 1614 potestatis
1215 1531 1401 1594 auctoritate

105 1623 324 1688 inviolabiliter
354 1624 583 1687 confirmamus
620 1629 652 1686 et
687 1622 783 1704 sigilli
816 1623 915 1686 nostri
946 1621 1144 1705 inpressione
1177 1621 1340 1702 signamus
1371 1625 1403 1684 et

105 1714 305 1778 idoneorum·
325 1715 454 1777 testium
476 1713 716 1796 subscriptione,
739 1713 793 1794 qui
814 1714 866 1776 isti
878 1713 1016 1796 pactioni
1027 1711 1209 1788 interfuere,
1231 1711 1402 1773 munimus.

105 1805 180 1866 Sunt
205 1809 311 1867 autem
343 1810 439 1868 testes
466 1804 523 1866 liii:
550 1803 713 1866 dominus
744 1801 948 1866 Diethmarus
979 1800 1077 1864 abbas
1109 1800 1148 1864 de
1181 1799 1403 1874 Walkcnredc,

104 1911 206 1956 comes
233 1893 406 1957 Heinrious
433 1893 472 1956 de
498 1893 599 1970 Roob,
621 1891 801 1956 lbidericus
823 1893 862 1954 de
883 1891 1044 1969 Bobuluz,
1065 1890 1230 1954 Arnoldus
1251 1889 1290 1952 de
1311 1889 1403 1952 Novo

105 1988 212 2059 castro,
233 1982 422 2046 Ratwardus
444 1982 484 2046 de
501 1981 759 2063 Thuringebercb
781 1986 813 2044 et
832 1981 886 2044 alii
909 1999 1003 2062 quani
1026 1979 1142 2063 plures.

170 2096 355 2152 “idoniorum
428 2089 586 2167 bthurigeb

173 2201 184 2242 ¹
208 2203 274 2270 Aes
291 2203 350 2256 dem
372 2203 605 2274 amparet-lapsum
627 2207 726 2256 cama
745 2201 841 2255 Raude
858 2199 925 2254 stabi
943 2217 993 2253 oon
1010 2204 1077 2253 ctwa
1093 2195 1284 2266 plaicltzaitiper
1302 2195 1404 2249 Hand:

108 2291 167 2337 acta
183 2291 248 2337 sunt
267 2283 317 2339 hec
335 2300 408 2338 anno
426 2283 531 2338 domini
550 2279 725 2339 MCLXXX.
799 2279 812 2319 ²
838 2279 1025 2347 Ausacbra'flm
1048 2280 1106 2345 aas
1126 2275 1173 2330 der
1197 2276 1337 2331 uacuae
1360 2275 1406 2330 des

110 2364 255 2431 Onbauols:
280 2361 360 2418 Istud
379 2362 514 2434 scriptum
535 2361 681 2434 lantgravii
700 2361 735 2415 de
754 2360 884 2416 clausura
902 2361 930 2412 in
950 2359 1045 2413 cusiuc
1072 2359 1121 2425 (im
1143 2355 1336 2410 ll'eemtlicbm
1358 2357 1406 2409 mit

108 2442 155 2498 (lan
176 2443 384 2580 Uctpcrppbn'fien
405 2444 437 2496 in
462 2443 492 2498 D
511 2443 571 2497 aad
592 2445 617 2496 T
636 2440 896 2507 medantam)
920 2439 996 2494 aad:
1023 2439 1068 2494 De
1092 2436 1263 2492 retentaculo
1287 2452 1359 2507 aque
1377 2435 1404 2488 iu

109 2539 249 2580 scamno
277 2570 284 2582 .
1289 2529 1290 2534 ’

114 2723 217 2805 1181).
244 2723 433 2805 blitober
459 2723 498 2802 9.
526 2719 780 2818 altenburg.
1341 2714 1406 2798 24.

183 2858 302 2922 Kaisar
332 2857 498 2922 Praedam
527 2857 554 2920 I.
585 2855 696 2920 abund
723 2855 782 2919 das
808 2854 936 2920 Kloster
964 2853 1070 2936 Psortc
1094 2855 1130 2917 ia
1155 2853 1261 2916 seiam
1287 2851 1407 2930 Selinda

148 2953 285 3012 amasai
319 2948 371 3012 die
402 2946 634 3029 Vaptticbtmap
667 2945 721 3009 dea
752 2943 975 3025 Naaanbarper
1002 2943 1148 3008 Bistonas
1184 2943 1254 3008 dan
1283 2941 1410 3006 Keria

147 3038 201 3118 fiir
220 3039 271 3101 dic
291 3037 327 3100 ia
344 3037 497 3102 Quodn
518 3035 746 3117 auspcpebcncn
758 3033 970 3115 Beaauapen
992 3033 1090 3098 vollen
1109 3033 1222 3098 ursae
1240 3053 1282 3096 aa
1303 3031 1410 3096 been

150 3129 213 3192 arrd
232 3128 373 3208 estotim
393 3127 452 3191 den
474 3126 617 3206 Aaboaf
630 3125 714 3188 θίθθν
735 3123 847 3188 Mathia
868 3125 903 3188 ia
924 3123 1066 3188 Ricina

255 3244 389 3300 Hdecbr.:
408 3244 438 3298 D
451 3247 469 3297 4
486 3245 536 3310 (tit
551 3241 656 3310 Porta).

256 3351 379 3406 anke:
412 3349 527 3404 Partrwb
549 3348 580 3415 1,
607 3351 649 3402 35.
686 3347 948 3402 Batiai-&bonel
970 3346 999 3414 I,
1027 3351 1071 3402 25.
1108 3346 1219 3400 Maccius
1242 3343 1306 3408 111,
1334 3345 1410 3398 1025.

307 3430 439 3498 uacare,
453 3429 562 3484 Mentor.
573 3445 637 3482 com.
647 3427 739 3483 Laia.
750 3431 809 3482 193.
831 3428 916 3480 Tiar.
927 3443 993 3481 aaa.
1003 3429 1063 3480 830.
1082 3425 1214 3480 Damon.-
1229 3423 1345 3492 Wolffl,
1355 3423 1411 3477 161.

312 3509 368 3580 Vpl.
390 3509 532 3578 &adapes
549 3513 590 3562 50.
627 3507 748 3562 &baltea
772 3505 820 3574 11,
845 3510 906 3562 267.
940 3506 1057 3560 Bdlnner
1083 3504 1135 3559 Nr.
1150 3507 1229 3560 2628.
1264 3503 1325 3560 Cod.
1345 3502 1410 3572 dipl.

305 3589 459 3654 sabaal,
480 3591 539 3642 138.
558 3605 572 3640 o
594 3585 802 3652 MallumstcdtI,
821 3585 964 3640 Nr.1615.
985 3583 1248 3653 Sbmsprr.1307.
1272 3582 1333 3637 (abd.
1346 3581 1411 3650 deiri.

304 3669 368 3724 sax.
378 3685 430 3738 rep.
441 3667 465 3734 1,
475 3667 518 3734 11,
537 3671 596 3721 305.

189 3775 220 3838 C.
261 3775 302 3838 ln
327 3774 457 3838 nomine
486 3780 593 3837 sancte
623 3777 655 3836 et
683 3772 847 3835 individue
876 3772 1033 3835 trinitatis.
1081 3769 1278 3833 Friderious¹
1306 3769 1415 3831 divina

121 3865 234 3928 favente
254 3864 425 3928 clementia
445 3863 662 3926 Romanorum
688 3864 859 3946 imperator
880 3869 912 3925 et
933 3879 1058 3943 semper
1079 3866 1241 3943 augustus.
1283 3859 1415 3940 Imperi-

120 3953 170 4016 alis
194 3955 315 4038 apicem
343 3953 506 4038 potestatis
529 3952 646 4014 idcirco
675 3952 829 4014 divinitus
855 3950 948 4014 nobis
970 3949 1121 4013 collatum
1143 3949 1359 4031 agnoscimus,
1379 3954 1416 4010 ut

121 4042 221 4108 fideles
243 4043 361 4106 Christi
389 4042 603 4124 precipueque
632 4041 788 4124 spiritales
813 4047 877 4103 tam
899 4042 931 4102 in
952 4039 1097 4122 personis
1120 4057 1215 4120 quam
1237 4039 1271 4100 iu
1293 4055 1416 4120 posses-

121 4131 251 4196 sionibus
272 4133 339 4196 suis
362 4133 407 4194 ita
428 4131 546 4194 nostris
568 4130 753 4193 studeamus
773 4130 921 4213 presidiis
943 4135 975 4192 et
995 4129 1124 4192 auxiliis
1139 4130 1173 4190 in
1188 4125 1416 4210 temporalibus
1443 4207 1446 4214 Ι

121 4227 146 4284 st
166 4226 297 4287 terrenis
319 4223 439 4300 fouere,
460 4221 611 4304 ampliare
633 4227 665 4284 et
686 4220 794 4296 tueri·‚
817 4220 967 4300 quatinus
986 4220 1018 4280 in
1038 4216 1232 4300 spiritalibus
1251 4220 1283 4280 et
1299 4215 1417 4278 eternis

122 4313 193 4392 apud
215 4313 355 4376 divinam
377 4311 553 4393 largitatem
577 4329 687 4373 eorum
710 4328 890 4372 mereamur
910 4308 1031 4380 meritis
1052 4311 1083 4370 et
1099 4306 1248 4389 precibus
1263 4304 1416 4368 adiuvari.

23 4465 24 4468 ,
123 4399 252 4474 Quorum
281 4403 357 4483 quia
390 4421 448 4465 nos
476 4399 673 4464 orationibus
701 4399 827 4464 assidue
854 4398 972 4462 muniri
999 4396 1230 4468 desideramus,
1259 4394 1417 4458 universis

124 4488 235 4572 imperii
263 4492 362 4554 nostri
391 4489 541 4554 fidelibus
562 4495 626 4552 tam
645 4489 846 4572 presentibus
869 4508 964 4570 quam
985 4487 1101 4550 futuris
1121 4485 1325 4550 manifestum
1347 4503 1416 4548 esse

127 4578 276 4661 uolumus,
307 4581 393 4664 quod
425 4599 483 4644 nos
514 4579 700 4644 Porteusem
732 4580 851 4658 locum,
878 4597 974 4659 quent
1001 4577 1041 4641 ob
1070 4576 1255 4658 religionem
1281 4573 1418 4657 amplius
