3392 5150
298 379 351 436 666
671 373 900 436 brennensem
919 379 968 436 des
985 377 1111 436 66666666
1130 373 1231 437 arona

298 530 417 613 13011.
444 513 539 612 dull
566 531 630 612 23.
657 531 968 636 Qutidllnbtlrg.
1512 531 1595 614 346).

379 680 450 746 Dos
476 681 723 748 Nannentloster
747 685 783 748 166
813 684 1026 765 Qaedlinbarp
1053 685 1215 767 omtaaft,
1245 685 1345 748 darcb
1373 683 1528 748 8616616166
1552 707 1597 766 po-

337 773 461 853 drrinpt,
484 771 545 835 alle
562 774 647 836 seiae
667 773 879 855 Besiiraayen
899 775 936 838 166
960 773 1145 854 1111616966
1167 795 1207 837 aa
1218 774 1381 851 Liebstedi,
1405 773 1597 856 Rddipsdorf,

338 859 527 939 Darastedt,
566 861 677 940 Salate,
711 861 958 927 Hossenboasen
996 865 1066 927 66661
1097 863 1301 928 1161616666)
1329 864 1389 946 fiir
1419 864 1598 929 1801166616

339 951 439 1016 Siloa
458 973 502 1016 666
524 951 731 1017 6666616666
753 954 869 1036 Horta.
918 953 982 1034 Vpl.
1006 953 1065 1020 Nr.
1078 957 1261 1019 aro-348.

448 1109 581 1164 Hdsrlrrs
599 1109 673 1164 D51
691 1112 743 1178 (tit.
766 1109 1038 1180 Quodlingenburg).
1079 1110 1137 1164 Von
1155 1110 1239 1164 61666666
1256 1111 1361 1164 andern
1374 1111 1502 1178 Orapinrd
1519 1103 1597 1166 D53l

496 1189 550 1256 (161,
571 1187 841 1260 Quodlingenburg).
861 1189 886 1242 Τ
897 1194 955 1244 113.

447 1293 558 1349 Druck:
576 1296 708 1350 Dentecb:
732 1295 943 1364 6166666663,
986 1296 1042 1366 Vnt.
1062 1295 1374 1364 1166116666,Μα661”616166
1397 1296 1456 1352 ΠΒ.
1476 1301 1532 1351 435Δ

377 1431 415 1494 16
436 1433 565 1496 nomine
587 1433 716 1496 domini.
758 1435 871 1496 Amen.
914 1433 1077 1498 Bertradis
1099 1434 1148 1497 dei
1171 1434 1273 1516 gratia
1293 1434 1466 1514 abbatissa,
1488 1434 1598 1520 Sophia

296 1521 464 1604 preposita,
484 1521 677 1604 Irmegardis
699 1522 819 1586 decana
841 1529 1007 1605 totumque
1028 1523 1201 1607 capitulum
1225 1524 1426 1587 dominarum
1447 1524 1600 1601 16116661-

296 1609 489 1694 lingenburg
518 1613 666 1676 omnibus
692 1614 725 1674 16
754 1619 952 1697 perpetuum.
994 1613 1043 1677 Ne
1064 1633 1116 1691 ea,
1137 1631 1199 1694 que
1221 1615 1281 1678 rite
1303 1621 1443 1698 aguntur
1464 1635 1483 1676 a
1502 1615 1598 1684 nobis.

297 1699 387 1764 tollat
416 1702 549 1782 oblivio,
587 1703 707 1786 placuit
745 1703 801 1766 illa
832 1705 940 1788 scripti
972 1704 1152 1768 testimonio
1186 1704 1411 1768 commendari.
1464 1705 1599 1770 Proinde

297 1792 423 1854 noverit
449 1796 512 1855 tarn
539 1813 670 1876 presens
693 1794 859 1858 hominum
880 1800 947 1857 etas
969 1813 1065 1874 quam
1086 1795 1120 1856 in
1143 1793 1268 1857 Christo
1289 1789 1457 1876 posteritas
1479 1814 1600 1859 succes·

297 1899 385 1960 sura,
413 1883 498 1963 quod
526 1903 597 1963 nos,
625 1903 697 1946 oum
725 1883 892 1947 ecclesiam
923 1888 1064 1946 nostram
1094 1885 1184 1965 grau
1214 1883 1394 1947 debitorum
1422 1903 1519 1949 onere
1549 1886 1600 1948 ob-

296 1989 439 2052 pressam
461 1972 657 2050 doleremus,
677 1973 716 2036 de
738 1973 882 2035 unanimi
904 1991 1076 2044 consensu,
1105 1972 1248 2055 diligenti
1276 1973 1505 2040 deliberatione
1533 1995 1600 2059 pre-

296 2058 405 2122 habito
426 2067 491 2124 tam
513 2063 613 2126 nostri
635 2063 765 2145 capituli
789 2082 884 2143 quam
905 2062 1160 2126 ministerialium
1183 2069 1377 2141 6661666666,
1400 2065 1601 2128 vendidimus

297 2147 382 2212 bona
403 2155 434 2214 et
454 2154 679 2236 proprietatem
700 2152 833 2215 66616616
854 2157 962 2216 666166
983 2153 1015 2214 16
1032 2152 1204 2234 Thuringie
1226 2153 1370 2217 166661616
1392 2155 1451 2216 sita
1476 2155 1602 2218 domino

297 2237 405 2302 abbati
427 2248 458 2304 61
479 2243 652 2305 conventui
674 2243 713 2305 de
729 2242 825 2306 Porta
837 2241 1067 2328 Cysteroiensis
1089 2243 1218 2320 ordinis,
1239 2242 1506 2326 Nuenburgonsis
1527 2245 1601 2326 dyo

297 2330 392 2410 cesis,
424 2338 637 2413 precantum
665 2333 825 2416 octoginta
852 2333 967 2395 marcis
994 2331 1229 2396 Stendalensis·
1256 2334 1395 2415 argenti,
1428 2353 1526 2414 quam
1550 2354 1604 2417 pe-

298 2419 426 2482 cuniam
460 2441 520 2484 nos
546 2423 705 2506 recepisse
732 2427 764 2485 et
790 2422 821 2484 in
851 2423 1005 2485 maiorem
1031 2422 1165 2485 ecclesie
1186 2427 1294 2486 nostre
1316 2423 1507 2486 utilitateml
1530 2443 1603 2488 con-

297 2511 430 2573 vertisse
445 2512 646 2592 presentibus
656 2517 875 2595 protestamur.
902 2512 951 2576 Ne
968 2517 1075 2575 autem
1087 2511 1185 2574 abbas
1198 2515 1229 2575 et
1245 2518 1422 2576 conventus
1433 2513 1605 2577 Portenses

296 2599 411 2662 falcem
433 2601 474 2663 ad
494 2601 631 2666 alienam
652 2621 787 2664 messem
810 2600 983 2664 extendere
1005 2605 1161 2681 cogantur
1181 2619 1238 2683 per
1258 2600 1471 2682 ignorantiam
1493 2603 1605 2686 stipsi

298 2689 337 2753 de
363 2689 481 2753 iniusta
501 2693 662 2774 emptione
684 2697 715 2754 61
736 2710 794 2754 nos
815 2690 854 2754 de
876 2689 1064 2753 vendicione
1086 2689 1196 2770 iniqua
1217 2690 1444 2754 conscientiam
1467 2692 1631 2756 macule--

297 2797 382 2856 mus,
409 2779 872 2862 1666,66661666666116116666Ὶ
901 2779 984 2842 bona
1010 2779 1145 2863 propriis
1175 2779 1327 2842 duximus
1355 2781 1521 2845 vocabulis
1548 2801 1606 2846 ox-

297 2869 479 2952 primenda:
501 2871 535 2932 in
555 2869 737 2934 Libenstete
759 2871 871 2952 viginti
892 2875 956 2933 tres
978 2888 1118 2947 mansos,
1146 2887 1283 2949 quorum
1304 2869 1386 2932 6166ο
1407 2871 1447 2933 661
1471 2872 1609 2934 66616616

298 2957 440 3021 officium
462 2961 630 3042 pertinent
651 2961 742 3022 ouius
764 2960 863 3022 cilicii
884 2964 932 3022 est
956 2965 1081 3022 nostros
1102 2958 1607 3040 6666166166616666616666666

298 3047 501 3129 recolligere3
543 3049 659 3130 reliqui
699 3053 804 3112 autem
840 3059 957 3112 XX1¹¹⁸⁰
992 3049 1095 3111 mansi
1127 3048 1244 3130 singuli
1276 3049 1405 3111 solvunt
1440 3050 1609 3113 dimidiam

297 3157 437 3202 marcam
468 3138 673 3223 provincialis
701 3140 838 3221 argenti:
865 3140 899 3200 in
927 3138 1191 3220 eringesdorph
1218 3137 1388 3201 duodecim
1419 3159 1549 3203 mansos
1579 3147 1611 3202 et

298 3227 481 3306 dimidium,
503 3249 544 3292 ex
568 3228 685 3310 quibus
707 3229 854 3292 undecim
877 3230 1020 3302 solvunt,
1047 3227 1183 3308 quilibet
1204 3245 1313 3290 eorum
1336 3228 1500 3291 dimidiam
1523 3249 1613 3292 mar-

200 3325 202 3328 ·
297 3336 366 3379 cam
394 3318 456 3382 albi
479 3319 615 3401 argenti3
644 3319 758 3400 reliqui
781 3319 818 3381 ad
842 3319 976 3382 senioris
999 3317 1141 3379 officium
1164 3317 1337 3399 pertinent:
1365 3318 1398 3379 in
1420 3317 1613 3382 Tharnsteto

298 3405 436 3470 sedecim
458 3427 602 3488 mansos,
626 3409 659 3470 in
682 3409 774 3471 Sulne
802 3429 858 3472 sex
887 3427 1014 3470 mansos
1043 3412 1074 3469 61
1096 3405 1281 3482 dimidium,
1307 3425 1348 3470 ex
1378 3407 1496 3488 quibus
1521 3427 1615 3470 unns

297 3495 329 3556 in
358 3495 557 3570 Tharnstete,
583 3499 617 3560 in
644 3497 737 3560 Sulne
767 3496 918 3559 dimidius
949 3496 988 3558 ad
1015 3495 1150 3558 senioris
1177 3495 1319 3558 officium
1349 3497 1523 3578 pertinent,
1557 3499 1615 3579 qui

298 3587 439 3648 seniores
467 3591 499 3649 et
527 3588 587 3670 ipsi
614 3587 750 3650 nuncios
771 3591 897 3649 nostros
919 3586 1059 3668 recipere
1081 3591 1113 3648 61
1134 3603 1265 3648 censum
1287 3583 1475 3667 recolligere
1496 3591 1616 3650 166666-

299 3680 365 3750 166;
392 3675 506 3756 reliqui
528 3677 632 3739 mansi
654 3695 764 3738 omnes
785 3677 818 3737 in
840 3682 976 3755 utraque
999 3673 1083 3748 villa
1103 3673 1288 3737 Tharnstete
1311 3673 1434 3736 scilieet
1455 3681 1487 3738 et
1504 3674 1618 3750 Sulze,

179 3825 183 3833 ,
298 3763 440 3839 solvunt,
470 3765 604 3846 quilibet
633 3785 743 3829 eorum
767 3771 888 3848 septem
914 3765 1032 3827 solidos
1054 3763 1215 3826 balnensis
1235 3769 1378 3827 monete:
1409 3765 1443 3826 in
1466 3765 1619 3829 Hassen-

297 3852 390 3914 husin
414 3853 523 3918 decem
545 3874 682 3930 mansos,
704 3876 745 3918 ex
768 3855 885 3936 quibus
907 3853 970 3916 duo
993 3854 1032 3915 ad
1054 3854 1212 3916 seniorem
1233 3855 1403 3936 pertinent,
1423 3854 1620 3918 66616666-

298 3942 364 4004 6166
386 3943 527 4025 recipere
542 3951 714 4008 etoensum
731 3945 916 4027 recolligere
928 3949 1067 4020 tenetur3
1091 3944 1223 4026 insuper
1234 3941 1389 4007 talentum
1402 3944 1620 4008 denariorum

299 4029 460 4096 Sulzensis
481 4041 607 4097 monete
630 4035 746 4104 solvet:
777 4033 893 4115 reliqui
923 4033 1025 4095 mansi
1048 4033 1176 4095 solvunt
1198 4031 1315 4114 singuli
1338 4031 1502 4096 dimidiam
1528 4053 1624 4098 mar-

299 4139 369 4183 cam
391 4120 455 4185 albi
477 4125 614 4205 argenti:
637 4125 668 4186 in
690 4124 882 4206 Rvgehusen
900 4143 1001 4186 unum
1025 4141 1172 4185 mansum
1194 4121 1359 4184 dimidiam
1381 4141 1524 4186 mamam
1552 4125 1621 4187 albi

298 4212 419 4291 argenti
444 4212 656 4290 solvenqsr'c).
703 4213 785 4288 Hos,
812 4215 958 4294 inquam,
983 4231 1111 4274 mansos
1142 4230 1254 4274 omnes
1274 4229 1345 4274 oum
1370 4212 1523 4275 omuibus
1549 4215 1626 4277 suis

298 4301 511 4384 pertiuentiis,
543 4304 639 4380 areis,
673 4304 762 4378 ortis,
794 4303 962 4365 arboribus
993 4301 1166 4364 fructiferis
1200 4307 1232 4363 et
1257 4301 1482 4378 infructiferis
1515 4305 1625 4386 agris.

299 4392 434 4474 pascuis,
455 4393 568 4474 pratis,
590 4392 740 4468 arbustis
763 4391 894 4464 salictis,
916 4392 1010 4453 cultis
1031 4399 1063 4452 et
1082 4389 1227 4467 incultis,
1249 4391 1310 4453 viis
1330 4397 1362 4453 et
1382 4391 1491 4458 inviis.
1518 4394 1628 4476 aquis

299 4499 519 4562 aquarumque
541 4480 751 4558 decursibus‘,
778 4500 849 4544 cnm
873 4481 942 4543 loco
965 4479 1195 4542 molendinari⁸
1217 4480 1249 4540 16
1271 4479 1471 4558 1166661616,
1492 4483 1627 4546 vaudi-

300 4571 405 4634 dimus
435 4569 540 4632 abbati
573 4578 606 4634 et
635 4572 806 4634 conventui
833 4570 1041 4634 Portensibus
1072 4573 1145 4632 ante
1179 4569 1272 4633 dictis
1303 4589 1377 4633 cum
1410 4569 1497 4634 omni
1537 4574 1631 4654 iure,
