3506 5148
314 381 367 439 tto
685 379 916 438 Urknndenbuch
935 381 983 438 des
1002 381 1128 439 Klosters
1146 375 1250 439 Piorte.

313 540 344 597 et
364 536 396 596 in
420 553 530 616 campo
551 533 710 614 flanderi,
739 553 801 616 qne
826 535 949 598 deserta
979 542 1026 599 est
1046 541 1077 600 et
1097 537 1129 599 in
1152 535 1261 599 eodem
1284 533 1422 596 confinio
1447 533 1521 610 sita,
1547 551 1616 614 pro-

313 628 476 706 prietatem
508 626 649 706 quinqne
677 643 860 687 mansorum
888 633 920 687 et
948 626 1070 690 dimidii
1098 645 1171 688 cnm
1200 626 1282 688 areis
1309 629 1341 687 et
1372 623 1461 686 silvis
1489 628 1521 686 et
1548 621 1618 684 aliis

314 716 381 776 sois
403 715 599 796 pertinentiis
620 733 693 796 sepe
714 715 806 777 dictis
834 717 988 798 religiosis
1017 715 1219 778 vendidimus
1239 723 1270 778 et
1290 714 1552 792 contradidimus,
1580 711 1618 775 de

314 805 431 886 quibus
460 805 579 866 mansis
606 809 669 866 tres
698 803 770 866 Otto
791 810 821 866 et
841 804 1001 869 Henrions
1030 807 1104 868 dicti
1132 807 1170 868 de
1198 805 1358 869 Gestenitz
1387 823 1460 866 com
1487 803 1618 886 reliquis

313 895 381 956 sois
411 893 576 974 iratribus,
607 895 757 975 pincerne
787 895 917 976 predicti
947 895 985 958 de
1012 895 1140 958 Salecke
1167 895 1348 975 dimidium,
1379 896 1442 956 iam
1473 893 1548 955 dicti
1579 891 1617 955 de

313 983 515 1046 Yscherstete
536 984 616 1046 duos
636 1004 654 1046 a
678 983 769 1046 nobis
789 986 823 1046 in
845 985 936 1046 l'eodo
959 984 1145 1056 babuerunt.
1176 987 1255 1050 Item
1278 988 1310 1049 in
1329 985 1404 1048 villa
1418 986 1492 1047 etin
1507 1002 1617 1065 campo

314 1075 518 1154 Grynstete‘1‚
548 1093 609 1155 que
639 1074 762 1136 deserta
785 1080 832 1137 est
861 1081 891 1136 et
918 1076 951 1136 in
974 1076 1069 1138 latere
1089 1077 1231 1139 eiusdem
1254 1078 1371 1139 montis
1393 1077 1464 1152 sita,
1484 1079 1620 1156 quatuor

314 1183 442 1226 mansos
470 1184 543 1226 cnm
572 1165 653 1226 areis
681 1169 711 1226 et
738 1163 862 1226 silvulis
888 1184 924 1226 ac
950 1166 1017 1229 sois
1044 1166 1114 1230 aliis
1141 1167 1339 1248 pertinentiis
1366 1165 1569 1228 vendidimus
1590 1167 1620 1224 et

314 1255 564 1317 contradidimus
589 1256 659 1317 inre
685 1256 884 1337 proprietatis
901 1257 1070 1337 religiosis
1099 1258 1246 1339 superius
1268 1257 1449 1319 memoratis
1469 1261 1620 1338 perpetuo

313 1345 526 1426 possidendos,
548 1364 628 1426 quos
650 1344 776 1426 quidem
801 1364 928 1408 irienses
951 1345 1119 1408 bertoldus
1140 1353 1172 1408 et
1191 1345 1401 1410 Theodericus
1422 1345 1461 1408 de
1485 1343 1620 1406 Yscher-

314 1441 392 1497 stete
414 1435 545 1517 predicti
574 1454 648 1496 cnm
674 1436 743 1498 suis
773 1435 980 1497 coheredibus
1007 1456 1025 1498 a
1051 1436 1143 1499 nobis
1171 1437 1323 1500 hactenus
1351 1437 1384 1499 in
1408 1435 1499 1498 feodo
1520 1433 1620 1496 habo-

313 1531 414 1587 erunt
466 1523 590 1587 Horum
633 1525 759 1606 quidem
792 1526 935 1587 omnium
970 1524 1124 1590 bonorum
1156 1528 1366 1610 predictorum
1399 1526 1619 1608 proprietatem

313 1635 386 1678 cnm
408 1616 478 1677 iure
499 1614 588 1677 hindi
611 1619 641 1678 et
662 1613 856 1698 superficiei,
882 1615 970 1677 utilis
999 1622 1029 1678 et
1051 1617 1159 1680 directi
1181 1616 1311 1680 dominii
1332 1618 1363 1678 in
1386 1617 1620 1698 possessionem

313 1706 525 1787 predictorum
547 1704 766 1787 religiosorum
789 1704 1014 1768 transtulimus
1035 1712 1066 1770 et
1088 1708 1287 1790 presentibus
1308 1706 1531 1770 transferimus
1552 1706 1622 1766 inre

314 1802 463 1877 perpetuo
492 1795 723 1876 possidendam,
752 1795 1019 1860 abrenunciantes
1045 1797 1194 1860 omnibus
1225 1798 1365 1877 iuribus,
1396 1795 1560 1877 obsequiis
1591 1801 1622 1856 et

314 1885 519 1964 utilitatiboS,
550 1903 612 1966 que
640 1885 813 1949 habuimus
843 1887 997 1949 hactenus
1029 1889 1061 1949 in
1093 1887 1211 1950 eisdem
1238 1907 1294 1950 sen
1325 1905 1388 1969 quc
1413 1903 1559 1948 essemus
1587 1886 1619 1946 in

314 1983 474 2057 posterum
500 1974 652 2037 habiture.
689 1975 790 2058 Super
812 1977 977 2038 evictionis
999 1995 1127 2059 quoque
1147 1985 1178 2040 et
1197 1977 1451 2059 gwerandiarom
1473 1975 1621 2036 cantione

313 2067 456 2127 omnium
482 2066 693 2147 predictorum
728 2065 885 2128 honorum
917 2085 975 2128 nos
1005 2072 1036 2129 et
1063 2072 1201 2130 nostram
1229 2068 1393 2130 ecclesiam
1420 2064 1621 2148 presentibus

313 2154 491 2235 obligamus
522 2155 713 2216 institialiter
744 2155 895 2218 iacienda.
945 2155 985 2218 Ut
1011 2163 1117 2220 autem
1146 2159 1295 2220 universa
1323 2162 1354 2219 et
1381 2155 1525 2236 singula,
1557 2173 1621 2237 que

313 2248 467 2328 premissa
488 2253 570 2324 sont,
590 2252 740 2327 perpetue
761 2245 919 2309 firmitatis
941 2246 1038 2307 robor
1056 2247 1220 2310 obtineant
1233 2253 1264 2311 et
1276 2265 1401 2329 semper
1413 2253 1621 2329 pennescant

312 2337 508 2414 inconvulsa,
529 2343 704 2418 presentem
725 2335 859 2399 litteram
880 2337 1015 2419 desuper
1035 2338 1191 2399 conscribi
1212 2338 1345 2400 fecimus
1362 2342 1393 2399 et
1411 2356 1481 2398 cam
1501 2335 1620 2416 prefato

314 2428 441 2488 domino
464 2475 488 2487 ..
510 2426 616 2489 abbati
638 2447 761 2508 suoque
774 2431 946 2489 conventui
963 2429 1080 2490 nostris
1098 2429 1210 2507 sigillis
1228 2427 1416 2490 tradidimus
1433 2427 1619 2488 roboratam.

314 2515 430 2580 Datum
442 2519 474 2579 in
487 2515 770 2600 Quodlingenburg
780 2537 864 2579 anno
876 2519 996 2580 domini
1009 2527 1050 2580 Μο
1058 2527 1134 2581 OCO’
1144 2528 1167 2580 x
1173 2528 1250 2594 1x⁰‚⁸
1272 2520 1304 2581 in
1321 2519 1371 2580 die
1390 2517 1471 2579 besti
1483 2515 1619 2578 Martini.

312 2608 420 2670 Testes
442 2618 518 2671 sont
537 2608 686 2671 dominus
708 2609 805 2670 abbas
823 2609 856 2670 in
878 2607 995 2690 [rapide
1017 2609 1118 2670 sancti
1140 2607 1344 2688 llychahelis‚
1366 2609 1516 2670 dominns
1538 2605 1620 2668 Con·

314 2699 410 2760 radus
431 2700 574 2760 notarius
598 2705 712 2770 noster,
733 2698 882 2759 dominos
896 2697 1081 2760 liudewinus
1102 2698 1141 2759 de
1152 2697 1439 2780 Elaeningenrode,
1459 2695 1620 2758 lohannes

314 2790 351 2851 do
373 2788 586 2864 (aluternbeclte³
609 2789 704 2850 frater
724 2787 883 2850 Hernicos
905 2789 1008 2850 dictos
1029 2788 1142 2864 Olane,
1161 2789 1256 2850 frater
1277 2789 1434 2851 lohannes
1455 2789 1494 2849 de
1510 2785 1538 2848 N
1543 2805 1622 2849 oen·

314 2880 395 2960 borg
415 2879 561 2942 monachi
584 2879 615 2940 in
640 2878 733 2941 Porta
755 2885 785 2941 et
807 2879 859 2940 alii
882 2897 978 2960 quarn
1000 2877 1127 2960 plorimi
1148 2878 1209 2941 fide
1230 2879 1325 2960 digni.

383 3017 532 3071 ‘'trvndc
554 3017 617 3070 sind
643 3017 681 3069 im
703 3015 827 3084 Orapinol
853 3015 937 3069 dieser
960 3015 1089 3069 Urlunde
1115 3015 1336 3084 sclrlecbterdinqs
1363 3015 1437 3070 nictit
1465 3031 1500 3067 zu
1526 3021 1617 3068 orita-

311 3098 440 3152 scheiden.
546 3087 559 3122 '¹
584 3097 662 3150 Wobl
681 3098 857 3149 rersclndchen
882 3098 931 3163 [dr
949 3102 1042 3150 nostre
1148 3097 1158 3122 ⁰
1180 3095 1220 3148 Es
1237 3097 1339 3149 sclieini
1356 3093 1487 3148 astream
1504 3093 1538 3148 de
1555 3109 1618 3147 uns-

310 3179 424 3246 pesallrn
449 3177 511 3230 oder
534 3175 601 3230 dicti
624 3179 672 3244 [ῆν
697 3175 731 3229 de
749 3177 927 3230 raschehem
944 3193 979 3229 aa
997 3177 1061 3230 sein
1151 3166 1315 3253 “terp-stete
1401 3175 1411 3202 ι’
1430 3181 1617 3228 Mcccxlnl

315 3259 438 3327 Orrfflnol
457 3257 534 3324 (doch
550 3258 599 3326 apl.
619 3258 740 3322 Nresa,
760 3257 841 3310 Anae.
854 3261 890 3323 1),
913 3258 942 3322 Τ,
962 3257 1074 3310 Menclre
1089 3256 1149 3310 tmd
1167 3256 1266 3311 Ereta

385 3373 393 3402 ¹
414 3371 539 3425 Gennesar
556 3371 687 3425 bestimmt
703 3371 747 3424 dic
764 3371 840 3440 Lupe
856 3371 903 3426 der
921 3377 1023 3426 retinen
1036 3372 1137 3438 Do'rser
1148 3371 1251 3438 Ddben,
1271 3369 1436 3437 Holrendors
1448 3369 1508 3423 inid
1527 3369 1618 3424 Graio-

312 3454 380 3506 stedt
399 3452 703 3520 (l'fort.1v'rbbuobwn
722 3456 790 3504 1551
808 3453 853 3505 Bl.
864 3455 931 3504 151:
954 3451 1117 3518 Greinstedt)
1137 3451 1261 3520 Lepsios,
1281 3451 1328 3504 Kl.
1340 3450 1414 3505 Schr.
1427 3449 1469 3516 Π,
1490 3451 1568 3516 151s.

316 3706 424 3786 tete.
452 3703 692 3787 November
706 3707 772 3788 20.
1526 3703 1615 3783 491.

393 3849 455 3915 Die
482 3851 603 3915 Vetterrr
624 3853 755 3916 Bertold
785 3853 854 3916 vind
875 3853 1042 3917 eiecerat
1070 3873 1130 3916 verr
1157 3851 1320 3914 Issersledt
1348 3849 1525 3930 eerkoufcn
1550 3848 1616 3912 den

353 3941 474 4004 Kloeter
495 3942 603 4022 Plbrte
631 3946 672 4006 15
693 3943 804 4025 Hasce
827 3944 862 4006 in
889 3943 1058 4024 Ohrinpen,
1085 3943 1136 4006 dic
1163 3943 1207 4006 sic
1233 3963 1292 4006 oen
1313 3941 1482 4005 Friedrich
1509 3937 1620 4004 Lond-

275 4047 278 4054 ’
350 4034 464 4111 proten
486 4052 544 4094 oen
568 4031 751 4112 Ibiirinpcn
772 4053 813 4096 etv
835 4033 939 4096 Lehcn
959 4034 1068 4113 peliabt
1087 4033 1194 4096 hohen.
1244 4032 1308 4112 Vel.
1330 4029 1390 4094 Nr.
1402 4033 1479 4094 192.
1490 4034 1562 4094 493.

462 4166 596 4220 Edoniis:
624 4169 670 4221 Or.
687 4167 762 4237 Peru.
786 4167 871 4222 dardi
898 4168 1082 4237 Fervclrtipheit
1105 4169 1165 4222 sehr
1190 4167 1341 4235 beecbcidiet
1366 4165 1426 4218 ond
1450 4163 1618 4229 ldclmlafi.

513 4248 560 4315 Sp.
580 4249 737 4316 abpefollen
770 4249 936 4318 Mapdeburp
953 4249 1037 4303 stit.
1051 4249 1154 4316 Erfiot
1174 4249 1200 4301 B
1213 4247 1250 4314 X,
1269 4245 1374 4300 Naso.

469 4339 646 4409 Uvichrucltt.
689 4341 744 4411 Vqr.
765 4341 902 4408 Ztsclzrf.
915 4343 987 4396 ther.
999 4343 1093 4396 Goeclt.
1108 4341 1139 4409 V,
1155 4345 1217 4395 248.

392 4463 557 4528 Universis
588 4465 702 4529 Christi
734 4465 880 4531 fidelibus
912 4469 943 4531 in
975 4474 1170 4552 perpetuom.
1212 4465 1260 4529 Ne
1286 4466 1331 4528 rei
1356 4465 1445 4548 geste
1464 4459 1622 4524 memoria

312 4559 424 4636 pereat,
445 4555 523 4616 solet
545 4557 771 4638 scripturarum
793 4560 983 4622 testimoniis
1004 4559 1202 4641 perhennari.
1243 4555 1310 4620 Nos
1330 4557 1428 4638 igitur
1447 4546 1621 4616 Beitoldus
