3402 5152
328 371 380 428 358
706 369 938 428 Urlrundenbuch
955 372 1004 428 des
1021 371 1148 428 Klostcrs
1167 371 1270 426 Plorte.

364 523 516 588 owbdrca
546 522 607 585 den
636 517 779 603 Dbrfcrrc
808 521 1003 588 Toasobwila
1030 524 1100 587 aad
1125 521 1300 599 Rossbach,
1334 523 1386 586 die
1413 541 1444 584 es
1474 541 1533 584 toa
1556 519 1605 582 om

367 613 488 695 Propst,
509 613 596 676 berto.
618 633 678 676 ooo
698 613 767 677 dan
791 611 1026 677 Thesaurorias
1047 613 1196 694 (Kasios)
1217 615 1271 678 des
1289 611 1516 693 Noumborper
1530 609 1606 674 liodr-

364 708 452 788 str'sis
478 723 573 786 pepon
600 703 816 785 Besilauapea
846 707 879 768 iu
903 705 1031 770 Grdbita
1058 704 1270 787 eiapdoascbt
1296 705 1367 782 bat,
1397 707 1466 768 aad
1493 703 1606 783 amato

364 798 430 861 tam
455 799 549 858 arear
572 795 721 875 paciscere
741 794 974 875 Bcdiapampea
1005 795 1205 877 Mossrepcbt
1225 815 1299 862 sam
1320 795 1450 860 &latre
1468 814 1557 874 yepez
1571 791 1608 854 die

366 887 460 953 Soolc
478 903 519 950 aa
541 885 678 964 treffent
716 884 783 964 Vqr.
795 883 855 948 Nr.
867 890 942 949 373.
955 890 1028 950 374.

476 1021 612 1076 Baccha.-
632 1021 677 1079 Or.
688 1019 762 1090 Perp.
778 1037 830 1074 aaa
847 1021 988 1075 Portasset
1006 1021 1093 1075 Hand
1112 1022 1171 1091 (opi.
1193 1021 1272 1076 Posse
1290 1024 1344 1089 19).
1380 1019 1463 1090 2Sp,
1483 1035 1521 1073 aa
1537 1017 1609 1072 rouo

525 1101 584 1155 arad
604 1102 694 1170 pelben
712 1101 837 1154 sordeam
847 1101 952 1168 Fddeu,
971 1104 999 1168 1)
1019 1101 1064 1155 dea
1080 1101 1214 1170 Biscbofa,
1230 1109 1281 1171 put
1298 1101 1427 1167 erbaltra,
1446 1103 1475 1168 2)
1495 1096 1609 1152 aarum

529 1182 659 1249 lapitels,
680 1181 840 1251 beacbddipt.
876 1181 1000 1236 Drasdea
1012 1181 1051 1242 Η,
1064 1181 1103 1242 St.
1116 1183 1151 1239 A.
1164 1183 1304 1240 Nr.1712.
1325 1211 1358 1220 -
1385 1181 1465 1235 D63.
1488 1179 1550 1232 Tas
1565 1174 1610 1228 aad

524 1262 671 1327 rrocbmclo,
689 1263 752 1314 aber
770 1261 1011 1331 darcbpcatrioben,
1028 1265 1072 1322 26,

476 1363 745 1498 Drrbtprbrszatacb:
763 1363 848 1432 Wolff
858 1365 901 1432 II,
919 1369 979 1419 283.
1015 1363 1072 1432 Vpl,
1086 1365 1211 1434 Iapetus,
1231 1365 1279 1418 ΚΖ.
1290 1363 1365 1420 Scor.
1376 1363 1418 1430 11,
1431 1367 1472 1418 94.
1500 1362 1612 1418 asdor·

566 1462 584 1514 p
618 1449 659 1500 6.

408 1578 421 1661 ΙΙ
442 1575 481 1642 In
515 1580 645 1641 nomine
674 1578 804 1644 domini.
835 1580 949 1642 Amen.
979 1579 992 1659 ΙΙ
1022 1577 1132 1642 Bruno
1163 1579 1213 1642 dei
1239 1581 1340 1662 gratia
1366 1577 1614 1662 Nueuburgensis

327 1669 456 1734 ecclesie
486 1671 661 1752 episcopus.
711 1667 871 1734 Omnibus
901 1671 934 1732 in
964 1675 1162 1752 perpetuum.
1209 1669 1380 1732 Pastoralis
1414 1669 1508 1734 officii
1532 1668 1615 1732 nostri

326 1757 503 1823 sollicitudo
529 1760 663 1841 requirit
692 1765 723 1824 et
743 1762 928 1839 auctoritas,
954 1768 1004 1839 ut,
1031 1779 1168 1842 quorum
1190 1759 1298 1822 divina
1319 1759 1444 1822 lavante
1464 1759 1616 1822 clementia

325 1870 435 1914 curam
457 1851 666 1932 suscepimus,
687 1869 798 1914 eorum
821 1850 1021 1925 utilitatibus
1042 1869 1116 1914 cum
1138 1869 1188 1914 res
1210 1851 1317 1933 erigit,
1338 1850 1552 1917 consulamus.
1579 1847 1616 1909 Ea

326 1948 453 2025 propter
480 1942 627 2004 noverint
655 1943 796 2005 universi
826 1940 942 2004 Christi
968 1941 1076 2004 fideles
1106 1942 1261 2024 presentis
1291 1941 1441 2023 temporis
1468 1946 1498 2002 et
1524 1939 1617 2008 futuri„

325 2031 411 2116 quod
440 2031 573 2095 dilectus
605 2030 697 2096 uobis
727 2039 817 2116 pater
846 2033 995 2096 dominus
1021 2031 1120 2094 abbas
1148 2031 1323 2105 Portensis,
1353 2051 1427 2094 cum
1455 2051 1546 2115 agros
1571 2047 1616 2092 sue

328 2122 459 2186 ecclesie
490 2127 572 2184 retro
602 2141 733 2184 murum
765 2125 917 2186 orientem
950 2141 1062 2186 versus
1091 2128 1122 2185 ct
1153 2124 1238 2184 viam
1269 2123 1450 2186 communis
1478 2123 1619 2186 transitus
1683 2125 1684 2184 l

328 2211 500 2274 cottidiana
528 2231 610 2294 aque
636 2211 796 2275 alluvione
823 2213 967 2276 consumi
997 2213 1116 2276 doleret
1143 2232 1202 2276 uec
1229 2219 1333 2276 tamen
1358 2211 1529 2275 violentam
1550 2211 1618 2273 ham
1683 2243 1684 2250 κ

325 2321 408 2385 aque
429 2302 637 2385 irruptionem
656 2303 826 2382 reprimere
847 2304 1081 2384 permitteretur
1102 2302 1329 2367 obsistentibus
1349 2303 1410 2382 eis,
1432 2304 1489 2386 qui
1510 2303 1619 2364 vicinos
1683 2313 1684 2318 ’

327 2390 486 2455 habebant
521 2411 625 2474 agros,
666 2392 793 2455 taudem
831 2394 1019 2457 necessitate
1049 2394 1223 2478 conpulsus
1252 2413 1326 2456 cum
1358 2393 1531 2456 venerabili
1561 2393 1619 2452 viro

327 2483 456 2546 domino
477 2481 630 2545 Brunone
657 2483 785 2545 maioris
811 2482 941 2546 ecclesie
962 2483 1227 2566 Nuenburgensls
1253 2485 1409 2567 preposito
1439 2483 1621 2547 couveniens

325 2574 589 2657 permutationem
611 2573 684 2635 fecit
707 2592 867 2656 agrorum,
887 2580 981 2656 prout
1002 2573 1137 2637 inferius
1153 2581 1200 2638 est
1215 2575 1404 2638 subiectum.
1436 2571 1620 2636 Memoratus

326 2663 485 2746 siquidem
498 2665 675 2747 prepositus
689 2662 953 2745 Nuenburgeusis
969 2662 1090 2726 habeus
1103 2683 1195 2746 agros
1207 2665 1290 2726 iuter
1302 2683 1433 2726 murum
1445 2663 1621 2727 Portensem

326 2759 356 2818 et
381 2754 601 2817 molendinum
628 2751 843 2834 Regilsmole1
871 2760 1105 2838 nuncupatum,
1138 2755 1212 2818 item
1241 2762 1330 2816 trans
1354 2753 1460 2817 Salam
1490 2757 1521 2818 iu
1549 2753 1622 2814 vdie

328 2847 411 2906 inter
438 2843 530 2906 villas
549 2841 708 2906 Thuswitz
736 2849 767 2906 et
787 2842 951 2906 Roabrach
977 2865 1069 2927 agros
1096 2855 1126 2907 et
1145 2850 1269 2908 montes
1290 2844 1429 2907 incultos
1450 2847 1526 2928 ipsis
1546 2844 1624 2926 agris

326 2934 505 2997 adiacentes
526 2953 600 2997 oum
622 2932 782 3014 salicibus,
804 2935 859 3016 qui
881 2939 1005 2998 montes
1027 2941 1103 2999 suut
1123 2954 1197 2997 cum
1220 2935 1303 3016 agris
1324 2942 1356 2996 et
1368 2933 1519 2998 salicibus
1533 2933 1622 2996 simul

326 3025 442 3102 mensi,
469 3044 525 3106 pro
554 3025 616 3086 biis
644 3025 741 3105 igitur
769 3026 854 3107 agris
881 3023 1032 3088 omnibus
1059 3025 1209 3088 dominus
1235 3022 1332 3086 abbas
1359 3043 1453 3107 agros
1474 3025 1552 3088 alios
1572 3041 1624 3086 sue

326 3115 458 3178 ecclesie
487 3115 630 3197 proprios
659 3115 693 3178 in
721 3114 796 3178 villa
817 3112 946 3177 Grobila
977 3115 1066 3194 sitos,
1092 3114 1244 3178 allodium
1273 3112 1436 3196 videlicet,
1466 3115 1547 3200 quod
1570 3114 1626 3175 fuit

327 3203 451 3266 Ottonis
478 3211 687 3286 cognomento
713 3205 851 3280 Suuder,
880 3223 954 3266 curu
984 3207 1052 3268 suis
1080 3205 1292 3288 pertinentiis,
1323 3205 1396 3268 item
1425 3223 1571 3268 mansum
1598 3215 1627 3264 et

326 3295 493 3358 dimidium
524 3296 556 3356 in
586 3295 694 3358 eadem
725 3294 817 3375 villa,
846 3314 927 3378 quos
955 3297 1015 3376 ipsi
1042 3297 1200 3379 preposito
1226 3314 1282 3378 per
1302 3294 1432 3358 modum
1454 3291 1626 3358 concambii

328 3387 556 3467 representavit
582 3389 613 3447 et
634 3405 688 3448 eos
708 3388 887 3469 prepositus
908 3387 1090 3468 acceptavit.
1132 3385 1220 3448 Idem
1242 3387 1337 3448 etium
1360 3387 1533 3468 prepositus
1554 3401 1626 3446 cum

327 3481 410 3537 esset
439 3477 583 3558 provisor
613 3477 663 3538 sui
695 3475 855 3540 fratruelis
882 3475 1044 3540 Erimfridi
1077 3477 1222 3540 canonici
1250 3482 1281 3538 et
1307 3475 1496 3540 thesaurarii
1521 3475 1550 3538 N
1553 3493 1628 3536 ueu·
1684 3511 1685 3518 κ

327 3563 510 3646 burgensis,
541 3566 597 3648 qui
629 3572 661 3629 et
691 3567 758 3648 ipse
787 3587 879 3649 agros
910 3569 995 3631 inter
1024 3587 1120 3650 supra
1151 3569 1283 3650 scriptos
1312 3585 1354 3629 ex
1384 3573 1517 3650 utraque
1541 3572 1629 3648 parte
1684 3587 1685 3622 t

326 3655 469 3718 lluminis
491 3655 618 3735 habuit,
647 3655 704 3719 hos
727 3658 872 3720 similiter
893 3677 985 3741 agros
1006 3660 1214 3721 commutavit
1234 3656 1333 3720 abbas
1354 3656 1490 3722 reddens
1509 3675 1565 3740 pro
1586 3655 1630 3717 eis

326 3745 404 3808 alios
433 3747 464 3808 in
498 3747 607 3810 eadem
640 3747 717 3810 villa
739 3747 886 3827 Grebia,
919 3749 999 3812 duos
1027 3767 1152 3832 semper
1178 3767 1270 3831 agros
1300 3767 1356 3831 pro
1384 3767 1459 3812 uno.
1500 3746 1547 3810 Ab
1572 3745 1630 3806 hac

326 3843 433 3898 mmen
460 3837 691 3919 permutatione
712 3839 835 3922 excepti
857 3845 934 3902 sunt
954 3841 1022 3922 agri
1043 3839 1207 3903 censuales
1225 3839 1260 3900 iu
1280 3837 1441 3902 Thuswitz
1460 3845 1491 3902 et
1505 3855 1578 3901 aree
1600 3837 1632 3896 in

325 3925 490 4006 eastum,
522 3947 603 4009 quos
631 3947 723 4010 agros
750 3934 781 3994 et
802 3950 882 4014 quas
904 3948 993 3992 areas
1014 3930 1075 3992 sibi
1097 3929 1190 3992 duxit
1210 3928 1294 3990 idem
1316 3926 1486 3992 Ernfridus
1505 3927 1632 3990 thesau-

327 4018 431 4080 rarius
457 4017 674 4084 rcservundos
716 4017 782 4082 Nos
811 4039 884 4102 ergo
909 4020 1044 4083 utilitate
1072 4021 1234 4102 utrimque
1255 4017 1453 4083 considerata
1473 4021 1634 4103 permuta-

326 4108 444 4169 tionem
475 4108 557 4170 bauc
587 4109 740 4191 legittima
771 4129 868 4172 causa
897 4118 1050 4194 preeunte
1079 4109 1298 4173 rationabilem
1326 4109 1530 4194 approbantes
1560 4124 1633 4188 pre

325 4197 457 4278 scriptos
485 4217 577 4278 agros
608 4216 719 4261 omnes
749 4204 814 4262 tam
846 4201 1043 4284 prepositure
1075 4221 1171 4283 quam
1200 4199 1343 4264 custodie
1369 4195 1636 4281 Nueuburgensis

324 4285 456 4348 cenobio
482 4285 627 4350 Porteusi
659 4290 710 4370 pia
742 4289 909 4353 devotione
940 4291 1148 4371 conferimus,
1177 4290 1368 4354 coul'erendo
1393 4287 1635 4374 appropriamus

324 4395 377 4438 eos
398 4376 501 4456 tytulo
517 4379 715 4460 proprietatis
731 4389 880 4463 perpetuo
898 4381 1113 4464 possidendos
1134 4381 1343 4444 concedentes
1354 4383 1486 4464 insuper
1497 4375 1636 4439 liberum

325 4466 504 4528 facultatem
528 4466 736 4532 Portensibus
762 4470 855 4534 litora
881 4472 1029 4535 firmandi
1052 4472 1091 4534 ad
1113 4491 1246 4534 suorum
1268 4473 1434 4536 munimen
1457 4485 1607 4550 agrorum
1617 4469 1639 4541 ἦ

324 4557 496 4620 decursum
527 4577 609 4638 aqtre
630 4561 782 4641 iaciendi,
808 4569 902 4646 prout
923 4581 981 4624 sue
1002 4563 1134 4624 ecclesie
1154 4562 1295 4644 deposcit
1312 4562 1446 4642 utilitas,
1474 4561 1526 4622 hoc
1549 4571 1637 4618 saue
