3410 5146
450 472 452 479 ·
537 437 587 496 Nr.
598 441 709 498 tr-rss.
731 439 911 496 lam-1214.
1323 439 1373 495 108

88 593 211 656 dolente
237 611 391 654 manuum
419 593 590 655 iniectione
607 591 817 656 anathematis
836 591 965 654 vinculo
985 593 1106 655 tuerint
1125 591 1278 668 innodati,
1300 609 1373 653 cum

87 683 251 746 dioecesani
280 683 420 765 episcopi
447 683 562 746 litteris
588 682 626 744 ad
654 682 762 746 sedern
791 681 993 764 apostolicam
1016 683 1181 745 venientes
1201 679 1373 744 abeodem

87 773 201 835 noculo
220 777 403 835 mereantur
423 771 554 835 absolvi.
590 769 638 834 De
659 773 823 834 monachis
843 789 919 834 vero
940 775 972 834 et
992 772 1154 834 canonicis
1174 769 1375 852 regularibus

86 863 113 924 id
141 867 296 937 servetur,
329 866 379 938 ut,
410 863 437 924 si
469 863 612 926 eiusdem
642 862 772 925 claustri
799 862 913 925 babes
941 881 1055 924 manus
1079 863 1113 924 in
1146 879 1179 924 se
1206 859 1375 923 iniecerint

85 954 235 1022 violentas,
254 971 312 1034 per
332 949 478 1014 abbatem
498 953 670 1035 proprium,
692 953 718 1014 si
739 971 815 1014 vero
830 952 927 1014 unius
943 951 1072 1014 claustri
1086 952 1184 1016 trater
1199 951 1233 1013 in
1244 951 1375 1013 fratrem

85 1042 202 1104 alterius
222 1041 351 1104 claustri
373 1041 575 1104 huiusmodi
595 1043 848 1125 presumpserint
867 1041 1051 1104 violentiam
1073 1059 1234 1117 exercere,
1255 1057 1312 1122 per
1326 1039 1375 1100 in·

86 1133 187 1193 iuriam
209 1133 292 1214 passi
315 1137 346 1194 et
364 1131 531 1194 inferentis
554 1131 684 1194 abbates
708 1131 916 1194 absolutionis
942 1130 1133 1194 beneficium
1157 1133 1377 1210 assequantur,

86 1223 168 1284 etiarn
198 1223 225 1284 si
252 1240 361 1284 eorum
384 1221 497 1302 aliqui,
519 1220 706 1303 priusquam
728 1221 871 1283 habitum
892 1221 1070 1303 reciperent
1091 1219 1284 1302 regularem,
1313 1217 1375 1280 tale

86 1312 194 1392 aliquid
216 1310 457 1386 commiserunt,
484 1315 612 1394 propter
642 1311 726 1392 quod
754 1310 821 1394 ipso
849 1315 922 1373 actu
943 1309 1283 1373 excommunicationis
1305 1327 1375 1370 sen-

87 1403 204 1464 tentiam
226 1403 449 1476 incurrissent,
478 1402 537 1464 nisi
568 1421 720 1465 excessus
747 1402 888 1484 ipsorum
911 1407 994 1464 esset
1014 1399 1154 1464 difficilis
1176 1405 1208 1464 et
1228 1399 1375 1471 enormis,

87 1496 184 1574 utpote
213 1493 240 1553 si
266 1496 350 1554 esset
375 1491 414 1553 ad
436 1491 666 1554 mutilationem
688 1491 823 1554 membri
847 1489 895 1553 vel
917 1491 1081 1572 sanguinis
1102 1490 1292 1552 effirsionem
1304 1507 1378 1570 pro-

86 1600 200 1644 cessum
222 1589 278 1643 aut
298 1581 436 1643 violenta
457 1600 571 1643 manus
591 1579 625 1642 in
648 1581 831 1662 episcopum
853 1579 1063 1644 velabbatem
1085 1581 1209 1655 iniecta,
1231 1597 1301 1641 oum
1320 1597 1376 1640 ex·

87 1689 185 1733 cessus
212 1669 291 1734 tales
317 1676 349 1734 et
374 1671 493 1734 similes
520 1671 588 1733 sine
614 1669 763 1733 scandalo
791 1675 952 1751 nequeant
982 1669 1136 1753 preteriri.
1186 1667 1218 1731 Si
1243 1667 1373 1730 veroin

87 1761 207 1823 clericos
228 1760 388 1823 seculares
409 1779 524 1822 manus
541 1759 722 1833 iniecerint,
749 1779 805 1842 pro
827 1758 956 1822 vitando
978 1759 1128 1821 scandalo
1150 1759 1316 1821 mittantur
1337 1753 1376 1818 ad

88 1851 185 1913 sedem
213 1850 418 1933 apostolicam
448 1848 640 1912 absolvendi.
684 1848 787 1912 Villas
815 1853 935 1926 autern,
966 1850 998 1911 in
1023 1849 1141 1930 mribus
1160 1848 1246 1911 bona
1273 1846 1378 1930 predi-

87 1950 198 2002 ctonrm
219 1941 353 2003 fratrum
376 1939 426 2002 rel
448 1940 611 2002 hominum
639 1958 769 2002 suorum
799 1938 927 2003 detenta
951 1940 1072 2002 fuerint
1101 1959 1156 2022 per
1185 1936 1378 2009 violentiam,

89 2048 172 2108 quarn
200 2031 256 2092 diu
282 2029 327 2092 ibi
355 2035 444 2107 sunt,
474 2029 635 2092 interdicti
663 2029 822 2111 sententie
850 2029 1043 2112 supponatis.
1085 2026 1202 2091 Datum
1231 2025 1378 2089 Laterani

89 2129 145 2182 l'lss
164 2120 315 2184 kalendas
336 2119 536 2197 Novembris
560 2119 765 2202 pontificatus
783 2119 883 2182 nostri
905 2138 988 2181 anno
1009 2121 1100 2182 sexto
1122 2116 1254 2180 decimo.

197 2235 293 2296 Anm.
314 2233 484 2298 Denselben
501 2231 697 2314 Sclrutzbrief
705 2232 759 2296 lot
776 2231 874 2313 Papsl
888 2231 1042 2296 Ianoceua
1057 2229 1120 2294 111.
1147 2233 1239 2296 1203.
1253 2227 1343 2292 Febr.
1357 2231 1380 2292 2

178 2323 246 2386 dem
273 2321 399 2386 Klosler
426 2321 615 2386 Heilsbroaa
641 2321 792 2385 uerliebca
824 2321 897 2402 (apl.
921 2321 1054 2397 Hocltcr,
1086 2317 1381 2384 Heilsbroaaisclacr

180 2411 547 2493 Antiquildleu-Sobala
577 2411 686 2493 eappa
707 2413 770 2490 81),
797 2411 902 2476 ebenso
930 2411 997 2474 dem
1031 2408 1155 2473 Kloster
1183 2408 1381 2492 Wallceariml

180 2506 272 2566 1216.
296 2501 371 2566 Mai
394 2505 440 2566 23
459 2501 529 2583 (opi.
560 2500 732 2567 Urlauaden
748 2501 778 2566 cl.
799 2501 906 2583 Stlftes
925 2500 972 2565 W.
997 2502 1062 2574 79).

598 2657 692 2664 m-
704 2658 758 2664 —.-
812 2659 842 2664 ...-

92 2773 179 2859 1214
204 2775 361 2879 [l2lbl.1
388 2776 557 2858 lanuar
582 2776 645 2858 28.
673 2775 750 2857 Bci
775 2773 1053 2872 aremburga
1319 2773 1380 2853 78.

163 2911 268 2990 Kdnip
289 2910 455 2975 Friedrich
470 2911 515 2976 II.
534 2915 673 2992 peslallel
693 2910 761 2974 dan
782 2908 904 2974 Kloster·
929 2907 1034 2990 Pforte
1053 2927 1110 2971 uon
1133 2905 1382 2970 Reiclasvoscllcn

129 3001 332 3066 Grondbea'la
351 3022 401 3076 aa
413 3001 572 3066 arrabea.

233 3135 366 3194 Hdscltr..·
396 3136 439 3194 Or,
464 3135 539 3206 Pcrp.
566 3155 617 3191 oon
643 3135 689 3189 der
716 3135 803 3188 Hand
831 3133 877 3188 des
905 3133 1063 3187 Ausstellers
1089 3131 1149 3201 (apl.
1176 3131 1253 3185 Posse
1276 3133 1323 3198 20)
1352 3131 1383 3183 ia

281 3216 415 3286 dcppelter
432 3218 639 3286 Aaafertiouop,
663 3220 686 3270 1.
704 3215 821 3269 Datum:
841 3213 951 3267 Jonar
969 3211 1026 3280 (Dr
1035 3213 1069 3280 1),
1092 3215 1117 3266 2.
1135 3211 1255 3264 Datum:
1272 3209 1382 3263 Jan.28

284 3299 333 3352 tait
347 3297 503 3365 Aussclnr'fi
520 3300 577 3365 aas
589 3297 635 3350 der
648 3297 800 3350 accesere:
818 3294 899 3348 Istud
918 3299 960 3347 est
978 3291 1076 3346 melius
1095 3289 1270 3361 privilegium
1282 3289 1337 3356 (Dr
1346 3293 1383 3356 2),

182 3399 184 3404 ·
283 3377 354 3432 beide
371 3379 420 3430 mit
437 3377 560 3444 pleioteta
569 3376 615 3444 Sp.
636 3394 675 3428 aa
686 3376 787 3442 rothen,
803 3381 910 3444 portuen
930 3373 988 3426 und
999 3373 1088 3440 pellaea
1100 3369 1222 3424 cadmea
1236 3368 1382 3422 Solimi-ran.

282 3457 406 3512 Drasdea
432 3456 468 3514 H.
483 3457 521 3512 St.
537 3457 572 3514 A.
591 3456 641 3510 Nr.
658 3459 715 3510 192.
741 3485 772 3494 —
805 3455 941 3521 Abacltra‘ft
958 3471 1008 3506 con
1025 3452 1100 3506 ΒΗ
1116 3467 1171 3502 nur
1189 3450 1220 3502 in
1237 3439 1317 3502 Ddl'
1332 3447 1384 3514 (tit.

279 3538 384 3606 Porta),
412 3555 462 3591 con
479 3537 556 3591 Dra
573 3537 603 3589 in
621 3526 698 3589 Ddl’
713 3553 740 3590 aa.
763 3535 838 3591 Tro,

239 3644 365 3698 Drucae:
393 3641 580 3706 Schamacbm
609 3639 792 3694 Ncclur'clateo
818 3657 838 3693 z.
857 3640 942 3694 sads.
965 3637 1054 3692 caco.
1080 3635 1127 3702 Vr,
1156 3639 1197 3691 55.
1241 3631 1385 3686 Huillard·

284 3723 420 3777 Brabollea
431 3721 457 3786 Ι,
475 3725 534 3775 356.
561 3738 582 3775 c.
597 3721 875 3787 Batora-Asmagi,
895 3720 1034 3786 ,Asselaarp
1050 3716 1107 3774 ΗΒ,
1123 3715 1147 3778 1,
1168 3715 1224 3768 131.
1251 3711 1383 3766 Deatacla:

292 3803 376 3870 Wolff
381 3802 406 3868 I,
416 3805 475 3860 302.
496 3800 775 3870 Vpl.PartuclrI,104.
794 3797 1131 3863 Baaeasuwmelaoo.
1151 3793 1384 3859 &bulles1L49L

284 3884 410 3948 Bdbmer,
424 3883 487 3950 ch.
497 3881 560 3949 imp.
577 3879 655 3936 aad.
665 3879 706 3937 Π,
726 3877 777 3934 Nr.
789 3881 844 3937 112.
864 3875 1089 3933 Boline-abar
1102 3877 1221 3934 Nr.780.
1236 3892 1256 3927 o.
1266 3875 1386 3928 Reitzen-

285 3964 354 4016 stein
375 3965 408 4015 71
415 3963 437 4018 b.
456 3959 660 4015 emanarant
679 3959 730 4024 11.
749 3957 868 4016 Naida.
888 3957 948 4024 III,
968 3957 1116 4026 Nucldrop,
1135 3955 1186 4008 Nr.
1200 3958 1260 4014 332,

168 4068 199 4133 C.
220 4069 232 4149 il
254 4069 293 4132 In
314 4069 443 4132 nomine
460 4072 570 4146 sancte
586 4073 617 4129 et
632 4065 800 4145 individue
815 4064 972 4126 trinitatis.
1004 4062 1192 4126 Frederious
1210 4058 1387 4122 secundus·

92 4156 138 4220 dei
168 4160 266 4240 gratia
285 4158 501 4222 Romanorum
526 4174 584 4218 rex
611 4175 736 4238 semper
762 4159 916 4236 augustus
947 4158 979 4216 et
1007 4171 1064 4214 rer
1081 4149 1197 4228 Sicilie.
1221 4147 1232 4226 l]
1258 4147 1308 4210 Ad
1328 4147 1387 4208 boc

93 4245 196 4310 divina
222 4249 408 4332 disponente
430 4245 628 4330 providentia
650 4245 689 4307 ad
712 4243 800 4325 regni
821 4240 1037 4326 gubernacula
1059 4261 1116 4303 nos
1137 4237 1297 4302 credimus
1319 4255 1387 4298 esse

94 4335 287 4415 sublimatos,
309 4347 343 4400 ut
364 4355 529 4399 servorum
551 4335 603 4398 dei
622 4335 655 4397 in
678 4333 903 4417 temporalibus
925 4331 1075 4394 subsidiis
1098 4327 1285 4392 utilitatibus
1303 4325 1389 4405 regia

95 4425 273 4490 liberalitate
299 4427 503 4490 consulamus
531 4431 562 4488 et
587 4425 783 4507 propensiori
810 4421 934 4501 cautela
960 4420 1122 4500 diligentia
1150 4415 1388 4500 privilegiorum

96 4523 266 4580 nostrorum
293 4518 535 4582 confirmatione
564 4515 801 4598 prospiciamus.
847 4513 925 4576 Inde
954 4520 1014 4585 ost,
1043 4508 1126 4590 qrrod
1156 4507 1303 4591 onmibus
1330 4503 1389 4564 inr-

94 4607 168 4688 pcrii
196 4607 342 4674 fidelibus
369 4611 514 4672 constare
536 4605 696 4684 volumus,
723 4602 808 4686 quod
836 4621 893 4664 nos
917 4601 1061 4685 petitioni
1083 4597 1205 4661 abbatis
1227 4593 1390 4658 Portcnsis
