3506 5148
292 407 345 466 tao
665 403 893 463 Urkundenbnch
912 404 960 462 dee
979 404 1105 461 Klosters
1126 403 1228 461 Plorbe.

294 580 406 664 1324.
432 579 675 662 November
691 580 757 662 ⁶28.
1509 579 1600 661 520.

372 718 471 782 Ernst
495 717 615 798 Propst,
653 717 758 782 Ulvielt
781 715 925 782 Declaeut
954 717 1022 780 eud
1043 717 1103 780 dos
1123 713 1323 796 Domlcepilel
1350 736 1391 780 zu
1413 714 1604 799 Neumburp

332 809 468 890 basreien
499 809 550 872 die
580 808 716 872 Bouern
750 809 804 872 des
835 810 949 891 Derfes
974 807 1193 887 Flanuauyea
1222 827 1281 870 eeu
1308 806 1401 872 elleru
1431 806 1515 884 Zoll,
1547 811 1603 873 der

332 898 434 962 bislee
453 899 509 962 der
530 897 755 979 Noumburper
776 898 895 962 Kirelve
914 897 1128 978 aupeslondcu
1148 896 1217 973 bol,
1244 917 1339 978 papea
1365 896 1433 961 eine
1454 919 1512 962 von
1532 899 1602 962 darn

333 989 486 1054 Sclulaeu
507 989 580 1052 oder
607 988 760 1054 Beamten
788 989 843 1053 des
863 987 981 1071 Dorfes
1004 986 1146 1070 jdbrlielv
1175 1007 1216 1052 au
1244 987 1454 1052 enlridvlende
1476 989 1602 1070 Abpebe

333 1101 391 1144 von
413 1085 432 1144 1
452 1079 611 1160 Scbllliap.
664 1080 726 1161 Vol.
750 1079 809 1144 Nr.
828 1083 899 1146 521.

444 1197 578 1252 Hdscbr.:
605 1187 696 1251 D3d¹³
716 1197 966 1266 (tit.Flemingcn),
991 1213 1037 1250 aar
1064 1201 1165 1250 autera
1193 1195 1290 1250 Rurecle
1315 1196 1361 1251 des
1387 1197 1492 1252 Blettee
1519 1201 1602 1254 uneb-

492 1284 626 1346 petrapeu,
644 1278 703 1332 atad
715 1279 861 1344 noelvmele,
881 1278 947 1332 doeb
959 1278 1027 1332 olem
1037 1277 1151 1346 Zeepen,
1172 1277 1201 1330 D
1212 1267 1284 1330 133l‘
1304 1277 1355 1344 (tit.
1376 1277 1420 1332 De
1434 1277 1584 1348 theloneo).

441 1371 553 1424 Druck:
572 1371 706 1426 Deruen-
732 1371 816 1438 Wolff
824 1372 867 1438 ΙΙ,
882 1375 943 1429 414.

372 1477 437 1540 Nos
467 1477 622 1542 Ernestus
662 1479 713 1542 dei
744 1478 850 1560 gracia
880 1477 1071 1560 prepositus,
1101 1475 1229 1538 Vlriens
1265 1476 1404 1540 decanus
1434 1483 1603 1562 totumque

293 1566 556 1650 Nuenburgcnsis
588 1569 718 1634 ecclesie
749 1568 922 1651 capitulum
963 1567 1219 1650 recognoscimus
1256 1571 1362 1630 tenore
1400 1571 1603 1650 presencium

291 1659 480 1734 litterarum,
508 1659 591 1740 quod
619 1659 657 1721 ad
687 1661 874 1742 peticionem
902 1656 1066 1720 reverendi
1091 1659 1124 1720 in
1147 1657 1270 1721 Christo
1295 1659 1393 1741 patris
1423 1680 1460 1722 ac
1480 1659 1603 1724 domini

292 1747 412 1810 domini
434 1747 564 1810 Henrici
589 1749 670 1811 dicte
688 1749 954 1830 Nuenburgensis
974 1747 1104 1810 ecclesie
1126 1748 1272 1831 episcopi,
1294 1749 1412 1812 nichilo
1434 1751 1542 1814 minus
1564 1751 1604 1814 de

291 1857 449 1900 consensu
481 1839 580 1919 ipsius
609 1858 721 1900 ornnes
747 1839 883 1902 rusticos
912 1837 986 1900 ville
1014 1836 1198 1919 Flemingen
1232 1838 1271 1899 ab
1303 1839 1391 1901 omni
1422 1858 1518 1902 onere
1545 1861 1603 1904 seu

291 1929 475 2010 gravamine
495 1928 726 2007 theloneorum,
748 1929 832 2010 quod
855 1928 947 1991 nobis
969 1949 1005 1990 arv
1028 1932 1133 1989 nostre
1158 1926 1289 1990 ecclesie
1309 1927 1344 1990 in
1366 1927 1457 1992 dietis
1475 1932 1605 1994 rusticis

291 2018 485 2100 conpetebat,
506 2017 704 2082 absolvimus
725 2024 755 2082 et
778 2019 939 2081 absolutes
962 2039 981 2080 a
1002 2018 1084 2080 dicto
1107 2018 1251 2080 theloneo
1273 2019 1474 2101 presentibus
1490 2021 1605 2085 litteris

292 2108 540 2191 promulgamus
561 2109 604 2171 ita
627 2114 731 2172 tanton
755 2113 791 2171 ut
812 2108 988 2171 soulthetns
1009 2128 1066 2171 seu
1090 2108 1263 2172 officiatns²
1280 2108 1362 2172 dicte
1380 2109 1453 2173 ville
1471 2113 1606 2175 nomino

292 2199 434 2262 omnium
472 2200 663 2261 rusticorum
696 2201 729 2261 in
769 2207 949 2262 restanrnm
986 2198 1062 2262 dicti
1094 2199 1232 2262 thelonei
1264 2198 1511 2281 obedienciario,
1550 2205 1604 2266 cni

293 2294 435 2351 nostrum
454 2289 635 2352 theloneum
655 2289 872 2371 recipiendum
890 2290 1130 2368 committimus,
1152 2309 1254 2351 unrun
1270 2288 1406 2353 solidum
1421 2289 1605 2357 dativorum

292 2377 492 2441 denariorum
521 2380 552 2441 in
582 2379 660 2442 festo
688 2381 787 2442 sancti
813 2379 940 2443 Martini
963 2379 1015 2442 det
1034 2380 1127 2442 aunis
1150 2377 1284 2460 singulis
1306 2383 1337 2441 et
1354 2379 1521 2462 persolvat.
1564 2383 1604 2446 ln

292 2470 384 2532 cuins
406 2470 450 2531 rei
473 2471 690 2533 testimonium
712 2475 886 2552 presentem
910 2471 1046 2532 litteram
1068 2469 1214 2532 dedimus
1232 2467 1335 2550 sigillo
1352 2471 1452 2532 nostri
1471 2473 1604 2554 capituli

291 2558 423 2622 firmiter
458 2561 695 2624 communitam.
749 2559 787 2623 nt
819 2580 877 2622 nos
913 2559 1072 2624 Heuricus
1114 2559 1164 2622 dei
1201 2558 1307 2641 gracia
1337 2556 1607 2642 Nuenburgensis

292 2649 421 2712 ecclesie
458 2652 623 2733 episcopus
660 2651 699 2713 ad
737 2651 982 2732 exprimendum
1008 2641 1162 2712 ¹nostrum
1206 2669 1399 2714 consensum
1437 2653 1605 2732 premissis

292 2738 443 2802 omnibus
474 2742 643 2804 accessisse
679 2746 824 2804 nostrum
861 2740 1000 2824 sigillum
1041 2739 1186 2801 similiter
1215 2739 1416 2822 presentibus
1447 2740 1606 2806 duximus

294 2829 546 2910 apponendumb.
595 2827 711 2893 Datum
739 2850 824 2894 auno
853 2829 973 2893 domini
1001 2838 1275 2908 u⁰ooo⁰xxnu,
1307 2835 1419 2912 quarto
1450 2829 1605 2895 kalendas

294 2917 485 2982 Decembris.
527 2919 633 2984 Testes
656 2920 752 2984 huius
772 2923 816 2984 rei
838 2925 915 2984 seint
930 2919 1079 2982 Wilrerus
1101 2917 1139 2980 de
1161 2917 1276 2992 Sullae,
1294 2917 1551 2998 Heynemanuus
1573 2927 1606 2985 et

293 3007 521 3088 Her[munnus]
547 3010 659 3074 fratres
687 3010 762 3074 dieti
791 3011 829 3074 de
856 3009 981 3086 ltleller,
1011 3007 1240 3085 Herlmannusl
1269 3015 1300 3072 et
1322 3007 1460 3088 P[etrus]
1490 3011 1608 3074 iratres

294 3098 368 3161 dicti
391 3099 429 3162 de
450 3100 556 3176 Aken,
585 3099 749 3164 Conradus
770 3105 801 3164 ct
823 3099 958 3180 Pletrus]
982 3098 1095 3162 fratres
1119 3097 1194 3162 dicti
1217 3099 1255 3164 de
1274 3098 1354 3161 Foro
1382 3100 1469 3164 cives
1491 3099 1606 3165 Nnen-

294 3187 468 3270 burgenses
489 3197 520 3252 et
539 3189 645 3272 plures
667 3191 718 3254 alii
738 3191 799 3254 lide
821 3189 916 3273 digni.

365 3303 517 3359 aciliciolis
535 3305 564 3359 D
577 3296 648 3360 133b
735 3296 748 3334 '³
765 3305 979 3377 appendendum
998 3304 1028 3359 D
1042 3294 1114 3358 133l’

295 3478 408 3562 1324.
434 3479 755 3566 novamueras.
821 3449 1070 3458 ”“””
1515 3480 1611 3563 aar.

374 3617 455 3693 Aba
471 3617 565 3680 Prior
584 3617 653 3680 und
675 3619 816 3681 Koaeeul
841 3617 895 3679 des
916 3613 1059 3678 Klosters
1081 3614 1189 3694 Pforte
1215 3612 1379 3677 bobendon
1406 3613 1459 3675 die
1486 3615 1520 3676 in
1548 3615 1615 3680 der

336 3707 459 3788 voripen
485 3705 636 3772 Urbuude
656 3707 828 3771 eutbaltene
850 3703 1081 3786 Zallbefreiunp
1102 3703 1184 3766 ilres
1205 3701 1321 3783 Derfes
1342 3701 1576 3784 Flenuuinpen.

445 3822 578 3956 Hdppppd·
600 3822 671 3892 Kop.
689 3823 758 3892 Pop.
789 3824 952 3892 Naumbuvp
968 3821 1005 3875 D.
1019 3825 1052 3876 A.
1097 3821 1155 3876 Lib.
1169 3821 1260 3889 privil.
1276 3824 1310 3875 65
1328 3819 1388 3874 und
1407 3821 1549 3876 lonasio
1571 3829 1616 3881 67

573 3922 599 3957 a.

449 3994 625 4064 opacare.

376 4099 464 4178 [Nlos
485 4099 580 4166 irater
600 4101 706 4180 abbae,
726 4102 931 4167 Hermauuus
954 4102 1038 4184 prior
1058 4105 1208 4182 totusque
1224 4111 1401 4166 conventus
1416 4107 1617 4171 monasterii

295 4187 456 4252 l'ortensis
478 4229 515 4236 -
539 4194 795 4273 recognoscimus
817 4232 855 4238 —
877 4192 961 4276 quod
983 4193 1176 4255 universitas
1200 4194 1392 4256 rusticorum
1407 4193 1481 4256 ville
1496 4201 1620 4263 nostre

294 4277 470 4361 Flemingin
503 4279 646 4346 absoluta
677 4289 724 4347 est
754 4282 792 4347 ab
822 4284 909 4346 omni
938 4284 1102 4346 exactione
1131 4282 1357 4362 thelonierum,
1391 4301 1454 4364 qne
1480 4281 1621 4351 solvere

294 4369 414 4434 solebat
449 4371 586 4436 dominis
620 4378 651 4436 et
690 4375 825 4456 capitulo
862 4374 992 4436 ecclesie
1021 4371 1285 4453 Nucuburgensis
1323 4372 1376 4435 tali
1417 4373 1621 4454 interposita

294 4461 450 4543 pactione,
480 4462 563 4543 qued
597 4463 750 4528 scultetus
780 4484 835 4526 scu
869 4463 1024 4526 officiatus
1054 4481 1085 4524 u.
1102 4481 1124 4524 s.
1143 4481 1177 4524 w.
1230 4457 1347 4540 lethali,
1380 4461 1499 4526 Datum
1533 4475 1621 4540 ιιηᾶ

293 4549 418 4630 Zeepeu
438 4549 496 4614 wie
513 4549 550 4612 in
571 4548 629 4614 Nr.
643 4553 717 4618 520.
