3506 5148
661 421 712 480 Nr.
723 421 871 482 539-540.
891 423 967 482 1328.
1020 467 1021 472 1
1048 427 1053 434 '
1416 421 1469 484 tet.

162 575 332 660 burgensis
362 581 393 640 et
422 595 519 640 unam
549 575 703 640 harenam
732 577 766 639 in
797 576 925 640 domino
952 577 1196 642 misericorditer
1220 578 1417 658 relaxamur,
1440 580 1467 642 si

164 673 269 730 tamen
299 685 474 731 consensus
504 667 614 750 prelati
650 715 686 728 ..
716 667 854 750 episcopi
884 669 1049 732 accesserit
1079 669 1117 732 ad
1149 669 1295 752 predicta
1340 668 1382 732 ut
1410 687 1468 734 nos

163 754 325 821 Hanricus
355 757 405 820 dei
436 758 540 839 gracia
573 757 739 840 episcopus
760 755 1027 840 Nnenhurgensis
1055 759 1188 822 ecclesie
1214 761 1469 840 recognoscimus

162 848 195 908 in
219 846 280 911 hiis
301 849 439 930 scriptis,
468 847 552 930 quod
574 847 612 910 nd
638 848 776 930 predicta
798 849 905 911 omnia
927 848 1073 912 dedimus
1093 856 1124 913 et
1142 848 1256 922 damus
1277 867 1469 912 consensum

163 941 307 1000 nostrum
340 941 436 1020 atque
468 936 583 1000 bonam
615 937 820 1000 voluntatem.
872 936 910 1000 In
940 939 1034 1001 cuius
1064 939 1110 1002 rei
1143 940 1359 1002 testimonium
1389 939 1469 1002 hano

164 1025 300 1090 litteram
322 1028 440 1091 nostris
461 1026 573 1110 sigillis
593 1027 726 1091 fecimus
747 1026 915 1092 roboraril.
957 1025 1074 1092 Datum
1092 1029 1125 1090 in
1141 1026 1235 1091 Porta
1249 1046 1333 1091 anno
1348 1028 1468 1090 domini

160 1123 207 1179 ΜΟ
219 1125 463 1196 ccc⁰xxvr11⁰,
484 1117 614 1180 sabbato
636 1122 709 1181 ante
729 1116 848 1181 Indica.

233 1267 244 1295 ¹
262 1267 355 1340 gracia
373 1269 520 1339 episcopus
538 1271 570 1322 iu
588 1269 682 1324 Rosur
699 1270 750 1323 mit
766 1267 911 1323 coatrae·
932 1269 1008 1324 Time
1079 1259 1091 1298 b
1109 1267 1177 1324 roho
1194 1267 1317 1323 roborari

682 1466 932 1474 ...-.—.-..-—-—

161 1551 273 1633 1328.
299 1551 408 1633 lunt
428 1551 485 1632 11.
1169 1638 1172 1646 ,
1372 1553 1468 1637 540.

241 1693 305 1758 Dic
322 1694 453 1759 Briider
476 1691 552 1772 Otto,
575 1693 685 1759 Aibert
705 1694 775 1758 aad
789 1693 974 1758 Hammona
995 1693 1208 1778 Barpprofou
1225 1694 1469 1778 oouKirchherp

199 1786 374 1868 calmufcu
404 1785 473 1850 dem
502 1784 627 1850 Kioster
657 1785 765 1868 Psortc
797 1789 832 1866 ¹2¹,
863 1784 953 1866 Huse
982 1785 1017 1849 in
1050 1785 1320 1862 Sadasenbouseu,
1361 1787 1469 1852 welclre

201 1873 330 1959 Rudols
352 1877 420 1939 und
447 1873 602 1939 Heinrich
627 1875 785 1941 &senten
809 1895 868 1938 von
889 1874 1030 1952 Sceleris,
1060 1875 1129 1940 aad
1157 1879 1219 1956 1¹5,
1240 1874 1351 1958 Hafeu
1383 1879 1469 1942 eheu-

202 1965 344 2042 doselbst,
365 1965 474 2030 welche
495 1965 633 2030 Kourad
653 1986 712 2029 von
737 1963 956 2029 Oououustedt
974 1985 1015 2030 aa
1037 1966 1142 2038 Lehcn
1162 1965 1271 2045 pehubt
1290 1965 1406 2044 hohen,
1427 1989 1468 2034 aa

200 2055 295 2134 cipere.
344 2053 409 2135 1⁷91.
431 2052 492 2122 Nr.
507 2057 576 2120 541.
970 2105 972 2110 .

314 2191 447 2246 Hdecba:
467 2192 558 2246 Tm
586 2191 660 2246 Dee
679 2193 731 2259 (tit.
742 2191 975 2258 hochsenhusen).

312 2293 424 2348 Druck.-
440 2293 578 2350 Deliaci.-
603 2293 688 2361 Wolff
704 2293 747 2360 11,
763 2298 824 2349 429.

245 2431 282 2494 ln
311 2433 439 2495 nomine
466 2431 596 2496 domini.
634 2431 749 2496 Arnen.
798 2430 864 2494 Nos
886 2430 973 2510 Otto,
999 2431 1150 2496 Albertus
1175 2437 1206 2496 et
1230 2431 1468 2497 Hartmannus²

164 2521 276 2584 fratres
298 2522 348 2585 dei
368 2523 469 2604 gratia
492 2520 653 2605 burgravii
674 2519 894 2604 inKirohberg
916 2528 1027 2586 notum
1044 2541 1113 2586 esse
1129 2523 1297 2586 volunrusl
1310 2523 1469 2602 omnibus,

161 2611 202 2675 ad
224 2631 358 2694 qnorum
382 2631 498 2676 manus
519 2613 697 2694 pervenerit
717 2631 848 2693 presens
869 2614 1039 2696 scriptum,
1068 2613 1153 2696 quod
1183 2633 1242 2676 nos
1270 2613 1309 2676 de
1331 2633 1416 2676 mera
1438 2623 1469 2676 et

161 2700 269 2778 libera,
294 2701 456 2764 voluntate
489 2701 640 2764 heredum
673 2707 704 2764 et
733 2701 922 2764 coheredum
955 2709 1135 2766 nostrorum
1174 2702 1375 2766 vendidimus
1412 2723 1467 2786 pro
1564 2745 1569 2756 ·

163 2797 248 2855 certa
271 2792 405 2874 pecunie
432 2794 606 2874 quantitate
632 2793 708 2854 viris
729 2791 967 2854 honorabilibus
994 2791 1121 2854 domino
1153 2792 1271 2871 abbati,
1296 2796 1467 2857 conventui

162 2889 192 2944 et
223 2881 412 2944 monasterio
443 2877 589 2944 Portensi
618 2881 785 2944 dimidium
819 2901 984 2960 mansum,
1010 2901 1105 2964 quem
1133 2881 1241 2946 fideles
1273 2885 1370 2945 nostri
1401 2882 1467 2948 Ru-

162 2970 267 3034 dolfus
288 2979 319 3033 ct
336 2969 496 3034 Henricus
517 2972 666 3053 pincerne
687 2969 725 3033 de
748 2969 891 3046 Salelrlre,
911 2978 942 3034 et
962 2971 1096 3034 alterum
1119 2971 1287 3034 dimidium
1310 2992 1467 3049 mansum,

163 3081 244 3145 quos
260 3059 424 3124 Corradus
445 3060 711 3124 deAczmaslete⁰
733 3081 752 3122 a
773 3059 864 3122 nobis
884 3061 918 3122 in
940 3060 1034 3124 leudo
1055 3060 1243 3136 hahuerunt
1265 3061 1464 3144 quiquidem

162 3153 226 3216 duo
248 3153 351 3215 mansi
372 3152 424 3214 siti
445 3153 575 3214 suntin
598 3151 717 3234 campis
739 3149 813 3212 ville
835 3150 1052 3229 Saxenhusan,
1072 3151 1295 3216 transferentes
1313 3151 1468 3234 predictos

162 3243 243 3306 duos
271 3261 398 3305 mansos
426 3260 500 3304 cum
527 3241 676 3304 omnibus
698 3240 737 3304 ad
758 3243 843 3324 ipsos
864 3241 1103 3323 pertinentibus,
1125 3259 1317 3324 quocunque
1338 3242 1468 3304 nomine

161 3333 211 3395 vel
242 3330 394 3394 vocabulo
423 3334 662 3413 nuncupentur,
692 3349 749 3393 nec
779 3349 842 3393 non
872 3349 965 3393 omns
984 3331 1048 3411 ins,
1077 3331 1162 3412 quod
1184 3330 1277 3393 nobis
1298 3331 1329 3393 et
1350 3333 1467 3395 nostris

161 3421 331 3484 heredibus
360 3423 393 3484 in
416 3421 564 3504 predictis
586 3419 711 3483 duobus
732 3421 853 3483 mansis
874 3426 905 3482 et
925 3421 1066 3502 ipsorum
1089 3422 1290 3504 pertinenciis
1310 3440 1347 3482 ac
1367 3422 1467 3484 eciam

161 3514 195 3574 in
223 3510 372 3574 omnihus
400 3510 439 3573 ad
468 3510 638 3593 predictam
662 3509 770 3572 villam
792 3508 1000 3574 Saxenhnsen
1021 3511 1253 3593 pertinentibus
1274 3529 1467 3594 quocunque

160 3603 247 3677 iure,
278 3601 372 3664 modo
404 3617 461 3664 seu
490 3599 592 3662 lorma
620 3598 855 3682 quomodolibet
882 3600 1091 3683 competebat,
1117 3601 1151 3662 in
1178 3603 1408 3684 possessionem
1436 3608 1467 3664 et

160 3691 339 3754 dominium
366 3688 503 3766 abbatis,
529 3696 706 3752 conventus
734 3707 771 3751 ac
798 3690 981 3754 monasterii
1004 3690 1231 3773 predictorum,
1251 3681 1394 3754 volentes
1414 3692 1467 3755 ius

160 3781 358 3864 proprietatis
384 3781 528 3844 omnium
557 3779 769 3862 predictorum
797 3777 955 3844 bonorum
974 3778 1088 3860 abbati,
1109 3782 1282 3844 conventui
1302 3799 1338 3842 ao
1358 3800 1467 3844 mona-

161 3872 257 3934 sterio
282 3870 430 3952 predictis
456 3869 603 3952 deinceps
630 3876 819 3952 competere,
846 3870 931 3952 quod
956 3869 1048 3932 nobis
1079 3872 1232 3946 hactenus
1263 3869 1467 3952 competebat,

160 3961 428 4023 abrenunciantes
455 3977 511 4042 pro
537 3959 629 4022 nobis
651 3961 831 4041 nostrisque
852 3959 1021 4022 heredibus
1042 3961 1072 4044 et
1092 3958 1299 4023 coheredibus
1320 3959 1467 4042 predictis

160 4057 226 4114 tam
254 4048 453 4132 presentibus
480 4069 576 4132 quam
602 4049 740 4113 futurisd
759 4049 846 4111 omni
867 4050 945 4132 iuri,
969 4051 1057 4128 usui,
1084 4051 1299 4133 requisitioni,
1319 4050 1467 4130 dominic,

161 4140 291 4204 utilitati
312 4146 343 4201 at
364 4137 524 4222 obsequio,
546 4158 608 4222 que
629 4139 801 4203 habuimus
821 4141 862 4203 in¹
876 4139 1023 4223 predictis
1045 4141 1112 4203 sive
1132 4161 1189 4224 pro
1211 4141 1359 4224 predictis
1376 4140 1467 4205 honis

161 4251 219 4295 seu
242 4247 305 4312 qne
325 4230 426 4292 nostri
447 4230 577 4294 heredes
598 4235 629 4292 et
649 4247 848 4294 successores
869 4238 975 4294 essent
995 4232 1028 4293 in
1049 4237 1212 4315 posterum
1233 4230 1468 4314 quomodolibet

159 4319 309 4386 habituri.
349 4317 391 4382 Et
417 4325 453 4382 ut
477 4321 535 4384 heo
562 4321 716 4403 premissa
744 4321 852 4384 omnia
877 4326 945 4384 rata
975 4327 1126 4386 moneant
1150 4327 1181 4384 et
1201 4319 1338 4400 totaliter
1356 4320 1467 4382 inccn-

160 4411 270 4490 vulsa,
300 4413 478 4493 presentem
513 4411 649 4483 litteram
681 4411 857 4493 sigillorum
890 4416 1070 4476 nostrorum
1104 4411 1296 4494 appensione
1325 4409 1467 4490 lecimus,

160 4503 244 4566 sioru
272 4500 392 4578 decuit,
418 4499 567 4564 roborari.
617 4499 736 4565 Datum
764 4521 847 4564 anno
867 4500 987 4566 domini
1014 4509 1302 4578 M⁰OOO⁰XXVlll,
1330 4511 1372 4564 lli
1394 4501 1466 4587 idus

159 4591 257 4656 lunii.
297 4588 404 4658 (lactes
424 4591 522 4654 huius
542 4591 589 4653 rei
610 4597 686 4656 sunt
706 4589 922 4660 Erbenhertus
944 4591 982 4656 de
1002 4589 1173 4672 haerodes,
1191 4591 1349 4655 lohannes
1363 4589 1466 4654 Korn·
