3400 5148
631 315 681 406 u'r.
693 349 751 404 164.
771 345 846 402 msa.
1342 345 1393 412 188

95 503 120 562 et
133 503 283 582 perpetua
298 498 447 562 firmitate
465 499 588 562 cunctis
610 500 641 561 iu
665 519 760 562 evum
779 498 974 582 temporibus
995 498 1193 582 possidenda
1224 497 1393 560 Adicimus

96 590 200 666 euamf,
237 589 338 671 quod,
370 590 397 651 si
429 588 639 652 retinaculum
671 588 846 651 molendini
877 588 1010 670 predicti
1042 587 1138 652 luerit
1168 584 1329 650 interdum
1359 587 1393 648 vi

93 677 225 742 fluminis
255 678 453 757 dissolutum,
483 678 522 740 de
553 677 690 741 arbustis
718 679 835 741 nostris
861 678 1015 760 proximis
1040 696 1137 760 penes
1163 677 1248 740 idem
1270 676 1392 739 molen-

94 767 194 830 dinum
221 767 290 831 sitis
318 766 413 831 debet
436 767 663 851 perpetualiter
691 768 840 850 reparari.
890 766 1064 830 Piscariam
1096 783 1223 848 quoque
1254 765 1287 826 in
1319 763 1392 827 Sala

94 877 209 921 sursum
231 864 263 921 et
284 857 433 920 deorsum
455 855 560 920 abbati
582 862 614 920 et
634 857 807 920 conventui
826 858 1000 940 prenotatis
1014 873 1129 938 equam
1141 859 1174 918 et
1188 871 1391 918 communem

92 946 249 1010 nobiscum
280 947 348 1010 sine
377 947 443 1009 fine
474 946 668 1010 contulimus
692 946 907 1011 obtinendam.
958 945 1134 1010 Stabdmus
1159 945 1268 1024 etiam,
1296 950 1332 1007 ut
1357 945 1392 1005 in

93 1040 164 1098 terra
186 1037 248 1100 sita
268 1037 351 1100 circa
371 1035 606 1114 molendinum,
628 1054 690 1118 que
712 1053 844 1118 gemene
866 1036 990 1120 uulgari
1011 1034 1243 1098 consuetudine
1264 1051 1389 1096 nuncu-

91 1131 187 1207 patur,
219 1127 252 1188 in
282 1126 423 1209 pascuis,
452 1125 654 1190 fluxibilibus
684 1124 850 1189 arboribus
881 1124 1114 1207 coniungendis
1146 1128 1177 1187 et
1202 1123 1331 1186 omnino
1356 1123 1392 1185 in

90 1215 228 1278 omuibus
256 1215 534 1278 commoditatibus
562 1214 693 1298 plenum
718 1216 770 1278 ius
799 1215 937 1278 habeant
958 1234 1032 1278 cum
1054 1215 1176 1277 vicinis.
1218 1213 1256 1275 In
1278 1213 1390 1278 eodem

89 1305 174 1368 etiam
195 1303 379 1368 molendino
401 1303 526 1369 molere
543 1304 724 1368 volentibus
744 1305 868 1388 integra
888 1305 929 1368 sit
950 1304 1079 1368 libertas
1100 1321 1160 1366 nec
1179 1321 1198 1365 a
1218 1301 1310 1365 nobis
1331 1321 1391 1365 nec

88 1392 120 1454 ab
150 1394 257 1476 aliquo
288 1399 471 1458 nostrorum
502 1393 651 1458 euntibus
682 1401 714 1457 et
748 1394 958 1458 redeuntibus
989 1414 1007 1456 a
1034 1392 1218 1456 molendino
1256 1391 1390 1474 impedi-

87 1488 221 1546 mentum
244 1485 295 1547 vel
316 1483 554 1546 incommodum
579 1483 752 1565 qualelibet
771 1485 943 1565 ingeretur.
976 1483 1082 1566 Siqua,
1103 1486 1198 1565 prout
1211 1481 1284 1544 fieri
1300 1481 1388 1560 solet,

88 1570 176 1636 abbas
198 1580 229 1637 et
250 1579 427 1637 conventus
448 1579 521 1636 ante
543 1573 617 1637 dicti
640 1575 821 1638 iuncturam
838 1573 987 1636 arborum
1003 1571 1209 1650 fluxibilium,
1232 1589 1293 1652 que
1306 1569 1389 1656 yloiz

88 1660 239 1743 loquendo
260 1663 371 1746 lingua
390 1663 608 1726 matemaliter
628 1663 819 1746 appellatur,
839 1663 955 1726 deduci
978 1661 1169 1744 quandoque
1189 1659 1334 1737 iecerint,
1353 1659 1388 1722 in

87 1752 212 1814 transitu
236 1771 389 1834 aggerum
412 1758 593 1816 nostrorum
615 1757 646 1816 et
667 1753 699 1814 in
722 1752 870 1814 omnibus
890 1751 960 1815 aliis
975 1751 1173 1814 teloneorum
1185 1749 1386 1814 immunitate

88 1839 267 1920 gaudebunt
285 1847 317 1904 et
338 1841 527 1924 transibunt,
547 1847 642 1927 prout
662 1843 713 1906 ius
734 1847 766 1906 et
786 1861 879 1926 posse
900 1845 1044 1904 nostrum
1065 1839 1258 1916 extenditur,
1279 1843 1387 1902 nostro

86 1927 272 1994 fiducialiter
298 1931 357 1994 sub
384 1931 553 1995 conductu.
595 1931 727 1995 Familia
757 1950 884 2013 quoque
914 1930 1117 1994 Portensium
1146 1935 1211 1992 tam
1241 1929 1390 2012 religiosa

85 2037 173 2096 quam
200 2019 353 2083 secularis
379 2039 439 2084 nec
465 2040 530 2084 non
559 2021 642 2084 bonu
668 2021 810 2105 ipsorum
836 2026 900 2084 tam
928 2019 1059 2084 mobilia
1086 2037 1181 2101 quam
1210 2018 1386 2082 immobilia

84 2109 113 2168 in
142 2109 262 2190 quiete,
293 2111 326 2171 in
353 2111 494 2190 incessu,
525 2111 558 2174 in
586 2112 633 2174 itu
660 2117 692 2174 et
715 2111 749 2174 in
773 2110 879 2174 reditu
905 2115 1013 2173 nostra
1038 2127 1164 2192 semper
1188 2109 1384 2191 protectione

83 2197 268 2283 gaudebunt
292 2198 373 2263 Sunt
396 2205 502 2264 autern
524 2199 649 2262 termini
672 2199 751 2261 silve
773 2204 936 2282 pretaxate
959 2199 1112 2261 orientem
1134 2215 1264 2260 versum
1281 2215 1385 2278 usque

83 2287 118 2350 ad
137 2287 212 2352 litus
233 2285 320 2368 Sale,
349 2290 545 2353 occidentem
574 2307 703 2352 versum
723 2307 826 2369 usque
848 2288 888 2350 ad
910 2295 1010 2351 terras
1031 2287 1168 2350 arabiles
1188 2286 1384 2350 vicinissimo

82 2375 152 2440 silve
172 2379 308 2455 iunctas,
328 2386 472 2442 austrum
493 2398 621 2444 versum
644 2379 764 2455 semita,
787 2397 848 2459 que
868 2378 1070 2461 protenditur
1087 2397 1106 2439 a
1126 2375 1259 2440 Lobesiz
1279 2395 1383 2458 usque

82 2466 117 2528 ad
135 2466 249 2546 locum,
272 2467 326 2548 qui
348 2467 433 2531 Fons
454 2467 492 2530 ab
513 2468 673 2550 indigenis
694 2473 905 2551 nuncupatur,
928 2466 1110 2548 aquilonem
1132 2485 1259 2530 versum
1282 2483 1383 2547 usque

81 2555 116 2618 ad
136 2558 234 2640 ripam
257 2557 319 2619 rivi
333 2549 534 2640 ''Progebacm
564 2577 644 2639 quos
671 2559 824 2621 terminos
849 2557 997 2620 volumus
1027 2553 1253 2619 inviolabiliter
1276 2555 1383 2618 obser·

80 2647 148 2708 vari.
190 2645 273 2710 Sane
300 2665 374 2710 oum
399 2648 535 2731 pecunia
561 2649 736 2731 prescripta
760 2667 853 2710 versa
880 2648 921 2710 sit
942 2647 1062 2710 utiliter
1083 2647 1116 2709 in
1143 2665 1210 2710 rem
1233 2649 1382 2724 nostram,

79 2735 223 2799 indecens
248 2741 446 2819 reputantes,
475 2738 501 2800 si
522 2738 763 2817 monasterium,
792 2737 888 2800 abbas
911 2743 943 2800 et
964 2743 1141 2800 conventus
1162 2736 1282 2820 pluries
1304 2735 1380 2799 dicti

79 2843 167 2908 super
194 2845 232 2892 eo
258 2825 460 2910 dispendium
481 2828 692 2911 perciperent,
714 2827 799 2890 unde
821 2833 1008 2890 meruerunt
1027 2827 1184 2911 premium
1208 2830 1380 2907 reportare,

79 2919 110 2976 ut
128 2916 233 2978 omnia
255 2922 328 2979 ante
349 2920 420 2979 aota
440 2922 551 2980 contra
572 2917 749 2995 oblivionis
771 2917 897 2980 sinistre
917 2917 1187 3001 interpretationis
1202 2921 1234 2980 et
1250 2913 1378 2978 cavilla

79 3001 166 3068 tionis
193 3004 366 3070 cuiuslibet
390 3007 559 3070 incomoda
585 3007 649 3070 sint
668 3008 801 3084 «Isaeum,
827 3026 923 3089 super
947 3007 994 3069 eis
1022 3011 1201 3088 presentem
1230 3005 1377 3088 paginam

78 3095 281 3179 conscriptam
317 3095 494 3178 sigillorrun
528 3101 709 3160 nostrorum
745 3095 993 3180 appensionibus
1023 3095 1157 3157 lecimus
1188 3095 1377 3176 consignari.

77 3181 136 3246 Nos
158 3183 231 3248 Otto
252 3190 285 3248 et
305 3184 472 3263 Albertus,
499 3187 574 3268 quia
594 3184 697 3268 sigilla
718 3187 845 3270 propria
864 3205 929 3248 non
951 3185 1119 3261 habemuS,
1141 3184 1280 3266 sigillum
1302 3203 1377 3246 con-

77 3273 236 3355 sanguinei
264 3275 374 3353 nostri,
393 3273 552 3358 Lamperti
572 3277 724 3358 prepositi
755 3281 863 3339 sancte
891 3275 990 3339 Marte
1020 3277 1054 3337 in
1083 3273 1238 3350 Erfurdia,
1268 3278 1377 3336 nostro

78 3363 199 3428 nomine
227 3364 363 3428 fecimus
393 3365 545 3430 adhiberi.
598 3365 664 3448 Ego
700 3365 948 3448 Sophialsigillo
973 3365 1101 3448 proprio
1129 3383 1241 3426 carens
1273 3363 1376 3446 sigillo

76 3453 172 3516 mariti
204 3455 268 3518 mei
295 3453 441 3518 Heinrici
470 3455 616 3518 advocati
651 3455 690 3519 de
716 3455 812 3518 Wida
844 3456 907 3518 feci
932 3459 1113 3538 presentem
1143 3453 1280 3516 litteram
1304 3472 1374 3516 meo

76 3543 197 3606 uomina
223 3545 411 3626 consignari.
451 3546 534 3607 Acta
562 3549 637 3607 sunt
664 3546 722 3607 hec
748 3563 832 3607 anno
856 3545 976 3608 domini
997 3542 1267 3616 n⁰00⁰n⁰vffl⁰,
1287 3551 1376 3604 ΧΠ]ο

75 3628 221 3695 kalendas
247 3633 336 3710 Iulii,
361 3633 562 3717 presentibus
587 3639 619 3697 et
646 3634 686 3696 ad
712 3635 772 3698 boo
794 3633 927 3698 testibus
949 3633 1131 3697 convocatis
1152 3633 1211 3710 eis,
1239 3651 1375 3714 quorum

75 3722 199 3783 nomina
225 3729 301 3786 sunt
329 3723 520 3807 subscripta:
548 3724 721 3788 Heinricus
747 3743 853 3787 comes
881 3724 919 3788 de
955 3723 1158 3807 Suarcburg,
1190 3723 1374 3786 Gamtherus

74 3827 174 3876 comes
197 3813 233 3876 de
253 3812 489 3894 Blanlrenberc,
518 3834 654 3897 quorum
682 3814 785 3897 sigilla
809 3815 949 3898 presenti
970 3815 1084 3900 pagine
1105 3814 1257 3878 duximus
1278 3832 1374 3897 appo·

74 3900 181 3974 nenda,
203 3901 373 3968 Heinricus
389 3905 601 3986 parochianus
623 3905 661 3968 de
684 3903 888 3982 Orlamunde,
909 3904 1081 3969 Heinricus
1102 3905 1313 3988 parochianus
1334 3904 1373 3968 de

73 3985 274 4069 Rudolfistat,
309 3991 500 4058 Ludewicus
531 3994 570 4057 de
603 3993 745 4058 Rinstote
775 3993 897 4077 dapifer
924 3993 1165 4058 etLudewious
1187 3993 1373 4074 filiuseius

74 4075 279 4144 Theodericus
308 4082 499 4166 burgravius
526 4083 565 4148 de
595 4081 804 4160 Orlamunde,
831 4083 1036 4148 Hermannus
1060 4084 1099 4148 de
1120 4083 1315 4148 Echilburne
1341 4090 1374 4148 et

74 4187 145 4231 suus
178 4175 309 4252 patmus
340 4171 546 4237 Hormaunus
573 4173 612 4237 de
642 4172 852 4250 Ecbilburne,
887 4174 1058 4238 Bertoldus
1094 4176 1134 4238 de
1164 4174 1371 4253 Yschirstete,

74 4253 271 4324 Heumannus
297 4261 337 4324 de
364 4261 467 4326 Valva
496 4268 528 4328 et
549 4262 621 4326 Otto
648 4264 745 4328 irater
766 4265 849 4340 eius,
870 4263 1075 4340 Hermanuus
1098 4265 1138 4329 de
1159 4263 1371 4348 Kotmindorp

73 4356 100 4408 et
118 4347 171 4411 alii
193 4367 287 4430 quam
306 4351 422 4435 plures.
1377 4389 1380 4396 ⁴

135 4462 312 4520 ‘olemunde
365 4457 540 4524 ”masmim
592 4469 603 4498 ⁶
630 4474 782 4541 appareant
834 4461 847 4498 ‘¹
872 4469 1052 4526 Vumatblirb
1075 4472 1112 4527 iat
1133 4477 1162 4528 ct
1184 4489 1219 4530 aa
1241 4473 1372 4531 mardes

75 4548 126 4604 ou
142 4549 229 4620 aar
245 4554 289 4610 aa
306 4553 424 4612 rom
440 4573 476 4612 aa
495 4563 589 4616 arua.
650 4543 805 4644 eruardus
858 4549 959 4616 ‘enim
