3506 5148
660 367 867 423 Nesse-534.
889 369 964 424 1327.
1393 369 1443 426 491

212 518 223 547 ¹
244 517 430 590 permittimus
452 519 477 574 T
578 509 811 588 bstottemheym
841 519 1003 588 (advocatus
1025 521 1104 589 fehlt)
1130 521 1160 576 D
1265 521 1445 578 cHeinricus

140 599 320 654 Potaendorff
334 599 409 667 sebit,
428 601 518 654 merso
535 599 580 654 die
598 598 726 668 Psortner
744 599 859 656 Mosen
877 599 907 654 D
976 590 989 627 ‘¹
1009 601 1158 656 hitesdert
1174 619 1224 655 mn
1245 601 1392 657 Tannroda
1409 603 1445 656 ist

141 681 240 734 sowohl
263 681 334 735 noct
359 679 407 733 der
424 679 546 750 Stellnnp
569 685 650 734 tester
673 679 725 734 den
744 681 851 750 Zenpen
874 681 923 733 wie
945 681 1016 735 nach
1036 681 1327 737 Nr.523.531e.540
1346 683 1445 738 nunt

139 761 170 814 in
189 759 288 828 Psorte.
360 757 557 814 ‘willenzeT
595 757 651 829 Vpl.
670 758 724 814 Nr.
737 763 789 814 518
807 777 834 813 n.
848 763 908 813 536.

141 970 250 1053 1327.
278 969 443 1070 August
454 971 519 1052 29.
1354 975 1445 1057 533.

218 1107 281 1172 Die
300 1105 431 1172 Bnider
451 1103 594 1170 Dietmcb
615 1107 683 1172 und
703 1107 836 1172 Bertold
859 1107 1032 1174 Vitathnme
1052 1131 1110 1174 uon
1122 1109 1249 1192 Apoldn
1269 1110 1373 1174 lassen
1393 1111 1445 1176 die

180 1219 238 1261 oon
259 1199 352 1262 ihnen
373 1199 548 1260 besessenen
570 1197 639 1260 nnd
659 1198 727 1261 dem
748 1197 875 1262 Kloster
897 1199 1005 1280 Psorte
1029 1199 1216 1280 verkenften
1241 1201 1310 1265 drei
1332 1199 1446 1266 vienn

180 1287 234 1351 des
255 1286 372 1370 Dorfes
392 1285 651 1352 Saclrsenhcnsen
672 1287 732 1351 den
751 1287 960 1369 Bnrppresen
970 1287 1079 1353 Alcen
1099 1289 1365 1355 nndHnrtmann
1386 1311 1445 1356 oon

180 1378 353 1458 Kircbberp
374 1378 441 1458 anf.
491 1377 556 1458 Vpl.
580 1377 639 1442 Nr.
654 1381 723 1442 531.
740 1381 815 1444 532.
829 1381 902 1443 534.
917 1381 990 1444 535.

292 1506 426 1562 Hdsebm
443 1505 474 1560 D
485 1511 521 1560 90
538 1506 590 1573 (tit.
601 1505 829 1573 Seohsinhusen).

292 1599 403 1654 &ccclx
421 1599 556 1654 Dentach:
580 1599 665 1667 Wolff
679 1600 720 1667 Π,
739 1603 799 1654 422.

221 1722 390 1788 Nobilibus
420 1729 451 1787 et
482 1725 643 1787 strennuis
673 1723 812 1788 dominis
838 1725 906 1787 suis
944 1723 1072 1788 domino
1099 1723 1230 1788 Alberto
1258 1731 1289 1788 et
1317 1725 1445 1788 domino

140 1815 341 1878 Hartmanno
375 1812 565 1895 borcgraviis
597 1811 636 1875 de
664 1811 839 1877 Kirchberlr
865 1813 1075 1878 Theodericus
1103 1815 1194 1878 miles
1219 1821 1250 1878 et
1276 1813 1445 1880 Bertoldus

140 1906 253 1968 fratres
279 1903 467 1967 vicedomini
500 1902 539 1966 de
559 1901 702 1985 Appolde
728 1902 831 1967 debite
851 1904 1011 1968 fidelitatis
1032 1904 1221 1987 obsequium
1242 1905 1276 1968 in
1298 1905 1446 1968 omnibus

141 1996 343 2071 indefessum.
392 1992 616 2056 Dominacioni
644 1998 746 2056 vestre
776 1997 879 2076 pateat
907 2013 962 2077 per
989 1995 1047 2057 hoc
1076 1994 1241 2079 scriptum,
1275 1996 1359 2078 quod
1388 2015 1446 2059 nos

140 2092 205 2149 tres
237 2089 342 2168 partes
372 2081 445 2146 ville
475 2081 727 2160 Seohsinhusen,
765 2101 844 2166 quas
884 2103 902 2146 a
933 2083 1022 2147 vobis
1051 2085 1215 2148 tenuimus
1245 2086 1280 2148 in
1310 2086 1448 2162 feodum,

140 2172 380 2239 honorabilibus
409 2172 485 2236 viris
514 2172 642 2236 domino
667 2172 773 2236 abbati
798 2179 829 2236 et
854 2177 1026 2238 conventui
1055 2175 1094 2239 de
1122 2175 1217 2239 Porta
1244 2176 1447 2239 vendidimus

140 2285 197 2349 pro
225 2269 310 2328 certa
336 2265 469 2347 pecunie
500 2264 674 2346 quantitate
694 2264 843 2347 ipsosque
864 2264 954 2328 vobis
975 2266 1008 2327 in
1032 2266 1156 2347 scriptis
1177 2265 1378 2349 presentibus
1399 2285 1447 2328 re-

140 2357 315 2439 signamus,
337 2360 473 2422 vestram
493 2352 688 2418 nobilitatem
711 2354 861 2418 studiosis
881 2355 1028 2438 precibus
1048 2355 1251 2420 affectuosius
1272 2361 1448 2434 exorantes

141 2453 301 2530 quatenus
339 2443 456 2528 prelata
492 2443 574 2508 bona
609 2444 642 2506 in
680 2444 900 2527 proprietatem
939 2451 970 2508 et
1007 2445 1186 2510 dominium
1221 2445 1447 2528 prelibatorum

141 2535 264 2600 abbatis
290 2541 321 2598 et
347 2540 523 2598 conventus
545 2534 766 2597 transfundere
787 2538 818 2596 et
839 2535 1009 2598 transferre
1030 2535 1174 2618 dignaoio
1198 2541 1300 2599 vestra
1322 2543 1448 2619 propter

141 2627 239 2690 deum
260 2645 325 2689 non
346 2625 466 2688 abnuet
487 2644 544 2688 seu
564 2629 696 2688 recuset.
737 2621 856 2686 Datum
877 2643 960 2688 anno
982 2625 1103 2688 domini
1124 2636 1225 2692 MOOG
1235 2635 1360 2706 xxvn,
1390 2637 1447 2692 llll

140 2715 292 2780 kalendas
312 2714 513 2799 Septembris

140 2884 252 2966 1327.
281 2883 446 2982 August
461 2882 527 2963 29.
1355 2883 1447 2967 534.

222 3017 286 3084 Die
312 3019 443 3084 Bnider
471 3016 615 3082 Districb
640 3017 710 3080 nnd
735 3017 866 3082 Bertold
896 3017 1069 3083 Vitetbnme
1096 3039 1155 3082 voss
1185 3019 1311 3098 Apolde
1342 3018 1448 3082 stetten

182 3112 242 3174 das
271 3110 396 3174 Kloster
426 3108 536 3191 Psorte
567 3127 662 3188 pepon
703 3108 829 3188 etwoipe
859 3107 1102 3188 Anfeebtnnpen
1132 3109 1188 3172 der
1219 3108 1334 3173 Gottin
1365 3109 1449 3172 ihrer

185 3200 309 3266 Oheinus
329 3197 484 3262 Heinrich
506 3195 626 3262 &benit
646 3217 705 3260 von
727 3197 857 3261 maleae
878 3197 1063 3278 Murperete
1082 3199 1156 3263 heir.
1178 3199 1229 3262 die
1249 3199 1285 3260 in
1297 3199 1449 3262 sachsen-

180 3293 303 3354 hcnsen
323 3309 390 3352 vnn
410 3287 535 3352 Kioster
555 3287 748 3351 erworbenev
772 3287 887 3364 Griter,
918 3289 970 3351 dle
992 3289 1041 3350 itr
1065 3287 1114 3351 nis
1135 3288 1342 3368 Leibpedr'npe
1361 3288 1449 3351 iiber-

182 3382 294 3446 wr'esen
315 3379 439 3442 worden
459 3378 542 3453 sind,
563 3378 671 3440 sicher.
722 3377 787 3457 Vpl.
811 3377 871 3440 Nr.
887 3381 1068 3442 531-533.
1084 3380 1159 3442 535.

293 3507 429 3561 Hdrchm
449 3503 478 3558 D
490 3509 524 3560 91
543 3505 595 3572 (tit.
606 3503 833 3572 Sachsinhusen).

294 3599 410 3654 Druck:
428 3597 564 3653 Dentscb:
594 3597 675 3664 Wolff
688 3597 729 3663 II,
749 3601 808 3652 422.

224 3728 291 3793 Nos
308 3727 518 3791 Theodericus
538 3727 629 3789 miles
656 3731 686 3788 et
710 3725 875 3788 Bertoldus
899 3725 1011 3789 iratres
1036 3724 1225 3788 vicedomini
1248 3725 1287 3789 de
1307 3725 1449 3807 Appolde

141 3819 400 3904 recognoscimus
419 3825 451 3879 et
471 3819 503 3880 in
526 3817 674 3880 noticiam
694 3821 758 3878 tam
772 3817 972 3898 presencium
991 3835 1087 3897 quam
1101 3813 1282 3878 futurorum
1301 3817 1450 3898 cupimus

141 3911 322 3996 pervenire,
350 3909 449 3989 quod,
474 3925 547 3970 cum
578 3925 636 3969 nos
658 3905 741 3968 bons
762 3910 870 3969 nostra
890 3907 924 3968 in
946 3905 1174 3969 Sachsinhusin
1196 3905 1450 3970 vendidissemus

145 3999 388 4066 honorabilibus
418 3999 495 4061 viris
525 3996 654 4060 domino
681 3994 787 4058 abbati
813 4001 844 4058 et
873 3997 1045 4060 conventui
1075 3997 1257 4058 monasterii
1289 3995 1450 4059 Portensis

140 4113 200 4177 pro
227 4095 312 4154 certa
338 4089 473 4172 pecunie
499 4088 687 4170 quantitate,
715 4086 827 4168 prefati
853 4085 950 4149 abbas
978 4091 1010 4148 et
1030 4091 1206 4149 conventus
1227 4105 1268 4149 ex
1289 4105 1340 4164 eo,
1365 4087 1448 4169 quod

141 4183 283 4267 predicte
309 4179 390 4242 bona
417 4180 546 4242 nomine
575 4177 714 4240 dotalicii
742 4175 792 4239 vel
819 4177 1003 4240 donacionis
1028 4182 1154 4260 propter
1180 4178 1312 4259 nupcias
1338 4174 1450 4239 collata

142 4282 221 4338 sunt
245 4271 372 4335 domine
400 4267 575 4350 Margarete
604 4266 697 4330 uxori
726 4267 830 4348 patrui
858 4269 958 4329 nostri
980 4264 1122 4330 Heinrici
1154 4268 1301 4350 pincerne
1322 4266 1361 4330 de
1383 4265 1450 4329 Sal-

142 4365 228 4441 ecke,
250 4364 397 4426 timentes
418 4359 479 4422 sibi
499 4361 533 4422 in
557 4358 648 4421 dictis
669 4356 760 4420 bonis
781 4356 990 4440 preiudicium
1012 4359 1157 4439 possein
1178 4363 1340 4440 posterum
1355 4375 1450 4440 gene-

143 4455 234 4532 rari⁸,
253 4457 429 4532 exegerunt
449 4471 467 4512 a
488 4449 591 4528 nobis,
612 4453 648 4512 ut
667 4448 746 4530 ipsis
766 4448 806 4510 de
827 4447 1001 4530 preindicio
1023 4447 1120 4510 huius
1140 4446 1226 4510 modi
1243 4447 1286 4507 sic
1304 4451 1449 4528 suspecto

143 4545 268 4627 ydonee
293 4558 485 4606 caveremus.
532 4538 598 4603 Nos
625 4539 722 4623 igitur
748 4538 876 4622 prelatis
907 4537 1011 4602 abbati
1044 4543 1073 4602 et
1099 4537 1271 4603 conventui
1300 4536 1451 4618 volentes,
