3392 5150
627 393 677 448 Nr.
688 395 747 450 344.
768 395 843 454 1300.
1337 399 1389 456 829

125 537 230 620 Pforte
263 559 321 604 von
352 539 454 604 Rider
485 541 615 606 Bertotd
651 563 709 607 oon
746 541 964 622 Rdrdroasen,
1006 545 1091 610 bearn
1123 537 1285 610 Jotanbes
1318 567 1383 612 uon

129 627 326 712 Weisseufets
345 630 478 712 pckoust
495 632 558 695 aar.

231 764 366 822 Hdsebrs
393 765 437 823 Or.
452 765 527 836 Pero.
551 783 602 822 ton
621 767 760 822 Portam
785 767 872 822 Horsd
897 771 957 839 (opt.
985 769 1063 824 Posse
1079 773 1135 840 20).
1152 777 1171 826 2
1189 771 1235 839 Sp.
1259 771 1382 826 Drmdeu

279 845 316 980 Ιῦ.
318 845 374 980 gi
383 846 496 980 ὦ4971ΝῙΆ
513 850 588 902 1649.
612 878 644 888 -
670 847 789 902 Hictanis
810 840 906 906 T30b.
941 849 998 904 Von
1016 851 1100 904 anem
1126 849 1231 906 audon
1261 851 1384 924 Originnt

230 1031 342 1087 Druck:
360 1031 495 1087 Deiotari:
519 1033 603 1102 Wolff
610 1033 651 1100 II,
660 1037 722 1090 267.
738 1033 794 1106 Vqr.
807 1035 922 1090 Pertucb
932 1037 957 1102 I,
968 1039 1028 1091 120.
1043 1037 1298 1092 amuco-scama
1303 1037 1327 1103 1,
1339 1042 1380 1092 78.

158 1160 197 1222 In
216 1161 344 1224 nomine
356 1161 484 1224 domini.
520 1163 633 1226 Amen.
675 1163 784 1228 Bruno
797 1162 848 1226 dei
860 1165 961 1246 gratia
973 1163 1002 1227 N
1005 1165 1237 1247 neuburgensis
1251 1161 1385 1229 ecclesie

90 1250 247 1332 episcopus
269 1250 416 1314 omnibus
436 1252 470 1313 in
493 1260 688 1334 perpetuum.
731 1253 779 1316 Ne
806 1273 856 1316 res
883 1253 978 1336 digne
1006 1256 1159 1318 memoria
1179 1273 1236 1338 per
1259 1273 1384 1317 succes·

90 1339 203 1403 sionem
231 1345 409 1422 temporum
434 1340 603 1405 oblivionis
633 1343 765 1406 cecitate
793 1343 876 1426 apud
905 1349 1048 1426 posteros
1070 1345 1197 1407 valeant
1217 1343 1386 1426 obfuscari,

90 1431 231 1494 convenit
261 1449 316 1494 eas
347 1432 473 1513 seriptis
503 1438 535 1496 et
560 1433 749 1496 testimoniis
774 1432 920 1497 fidelium
950 1435 1095 1497 eternam.
1142 1434 1262 1498 Notum
1288 1433 1386 1516 igitur

89 1519 215 1583 facimus
237 1521 402 1598 universis,
425 1521 520 1602 quod,
540 1541 613 1584 oum
632 1522 809 1586 cristianus
830 1523 934 1587 dietus
956 1523 995 1588 de
1013 1523 1153 1588 Baebere
1176 1523 1256 1586 civis
1276 1521 1386 1586 Nuen-

91 1607 248 1691 burgensis
273 1611 380 1673 cronia
406 1631 465 1674 sua
491 1611 575 1674 bona
601 1612 641 1676 de
662 1633 821 1677 consensu
843 1617 875 1677 et
894 1613 1057 1678 voluntate
1080 1613 1231 1678 heredum
1254 1631 1383 1676 suorum

90 1701 271 1764 monasterio
292 1701 324 1762 in
344 1700 440 1764 Porta
460 1701 581 1764 ordinis
593 1701 823 1783 cysterciensis
844 1703 1017 1767 liberaliter
1037 1702 1227 1777 tradidisset,
1249 1705 1385 1784 quatuor

89 1809 206 1854 mansos
237 1791 385 1854 videlicet
415 1791 448 1854 in
480 1791 633 1856 Rozbaob·
657 1797 688 1856 et
720 1795 883 1876 navigium
915 1793 1048 1870 ibidem,
1081 1793 1162 1857 duos
1192 1811 1320 1855 mansos
1350 1789 1384 1852 iu

88 1879 243 1959 Rodelino,
265 1888 329 1946 tres
349 1902 477 1946 mansos
497 1885 531 1946 in
549 1883 728 1960 Rostewita,
750 1903 852 1948 unum
873 1902 1019 1946 mansum
1037 1885 1068 1946 in
1082 1883 1236 1960 Tnesnitz,
1258 1883 1385 1944 vineam

88 1975 116 2036 in
134 1973 290 2036 Thuswitz
311 1977 343 2037 et
362 1974 443 2038 duos
463 1993 556 2056 agros
577 1975 610 2037 in
635 1973 823 2056 Aldenburg
853 1993 927 2036 curn
955 1973 1103 2037 omnibus
1129 1975 1196 2036 suis
1224 1973 1385 2054 pertinen·

89 2063 146 2139 tiis,
172 2083 210 2128 ea
236 2068 340 2128 tamen
363 2065 493 2142 ratione,
514 2070 551 2129 ut
571 2063 675 2128 eidem
696 2064 869 2142 cristiano,
899 2063 966 2126 filie
998 2083 1054 2128 sue
1083 2070 1114 2128 et
1145 2062 1247 2126 tribus
1276 2062 1384 2145 pueris

88 2153 221 2218 eiusdem
254 2173 311 2218 sue
340 2154 407 2218 filie
438 2173 495 2237 per
525 2153 690 2218 domiuum
718 2154 921 2217 abbatemet
948 2157 1142 2216 conventum
1167 2152 1385 2234 supradictos

88 2244 285 2325 provideatur
304 2243 338 2306 in
360 2244 547 2308 necessariis
568 2243 609 2306 sd
630 2249 772 2326 tempora
794 2245 856 2306 vite
879 2263 949 2321 sue,
977 2263 1035 2306 nos
1062 2243 1101 2306 ob
1129 2241 1330 2305 dilectionem
1353 2246 1385 2306 et

89 2334 224 2396 devotam
249 2333 432 2398 instantiam
453 2334 598 2398 eiusdem
620 2334 739 2396 domini
762 2333 884 2398 abbatis
904 2340 936 2397 et
952 2338 1137 2410 conventus,
1160 2351 1240 2412 quos
1255 2330 1385 2413 speciali

89 2426 188 2486 iavore
220 2425 445 2506 prosequimur
472 2425 539 2488 suis
570 2424 773 2506 exigentibus
804 2423 938 2500 meritis,
971 2424 1022 2486 ius
1047 2422 1248 2506 proprietatis
1279 2421 1383 2504 predi·

87 2517 202 2576 otorum
225 2512 381 2576 bonorum
403 2519 435 2578 et
455 2513 611 2578 bonorum
632 2515 765 2578 fratrum
788 2512 945 2576 dictorum
968 2512 1122 2588 Sharoch,
1144 2511 1229 2593 quod
1260 2509 1300 2574 ad
1325 2530 1384 2574 nos

88 2608 116 2662 et
134 2607 271 2666 nostram
295 2602 463 2668 ecclesiam
484 2605 642 2687 pertinere
665 2603 849 2674 dinoscitur,
871 2603 954 2666 dicto
976 2602 1168 2666 monasterio
1189 2601 1384 2664 conferimus

87 2689 117 2752 in
149 2692 206 2756 hiis
230 2693 355 2775 scriptis
384 2692 423 2756 de
450 2711 607 2758 consensu
634 2693 731 2756 totius
755 2693 856 2755 nostri
883 2691 1013 2774 capitrdi
1038 2696 1070 2754 et
1096 2692 1193 2754 unius
1220 2689 1323 2752 mansi
1349 2690 1381 2751 in

88 2777 268 2861 Rogehusen
297 2800 354 2864 per
374 2783 621 2862 resignationem
641 2783 762 2846 domini
783 2782 924 2846 Bertoldi
946 2781 1056 2846 militis
1077 2780 1116 2844 de
1138 2780 1329 2862 Rogehusen
1352 2783 1383 2842 et

88 2874 218 2946 quatuor
255 2890 404 2952 agrorum
444 2872 535 2934 iuxta
567 2871 756 2953 Aldenbnrg
792 2891 848 2954 per
883 2873 1130 2954 resignationem
1162 2869 1313 2934 Iohannis
1342 2869 1382 2932 de

87 2955 261 3023 Wizenvels
281 2960 360 3024 ciuis
382 2959 646 3042 Noenburgensis
668 2962 759 3026 nobis
780 2961 878 3026 libere
901 2963 1098 3041 recentium,
1129 2980 1209 3042 quos
1235 2978 1381 3022 mansum

86 3051 115 3108 et
135 3067 223 3126 agros
244 3049 341 3112 iidem
362 3049 511 3114 dominus
532 3050 630 3115 abbas
649 3057 681 3114 et
701 3057 878 3116 conventus
890 3057 1044 3131 emerunt,
1062 3051 1215 3133 legittime
1231 3054 1382 3132 perpetuo

87 3139 315 3216 possidendum.
357 3139 402 3204 Ut
439 3145 545 3204 antem
577 3141 703 3223 singula
732 3142 885 3224 premissa
916 3141 1013 3206 robur
1044 3146 1194 3225 perpetue
1223 3139 1383 3202 firmitatis

86 3224 255 3302 obtineant,
287 3235 465 3311 presentem
499 3230 634 3294 litteram
672 3231 809 3313 desuper
834 3231 933 3294 nostri
959 3231 1055 3312 sigilii
1085 3229 1198 3294 robore
1231 3229 1383 3292 iussimus

85 3319 277 3384 communiri.
318 3318 425 3384 Huius
450 3319 498 3382 rei
527 3325 623 3384 testes
652 3325 727 3384 sunt
752 3321 900 3384 dominus
922 3319 1074 3384 Albertus
1101 3320 1139 3383 de
1162 3318 1324 3382 Storkowe
1351 3323 1383 3379 et

86 3401 227 3469 dominus
251 3405 409 3470 Iohannes
431 3407 470 3471 de
487 3407 686 3472 Gozerstete¹
707 3410 833 3472 notariii
855 3410 979 3488 nostri,b
1000 3410 1162 3473 Henricus
1183 3409 1221 3471 de
1239 3407 1382 3488 Langen·

86 3489 145 3571 bey
164 3495 260 3560 irater
281 3501 397 3572 noster,
419 3497 601 3561 Gerbardns
623 3505 755 3582 patruus
776 3504 892 3578 nostes
912 3499 965 3562 Tb.
978 3499 1202 3576 deBukewitz‚
1224 3497 1383 3562 Iohannes

85 3578 122 3644 de
140 3581 296 3649 Hanevelt
317 3585 441 3665 milites,
458 3587 564 3650 Heino
586 3589 816 3664 doKirohdorf‚
837 3589 1138 3652 FrideriousKnuth
1160 3593 1191 3650 et
1212 3586 1265 3648 alii
1287 3605 1381 3666 quam

84 3671 186 3750 plures
206 3674 271 3738 fide
293 3675 389 3758 digni.
432 3676 498 3740 Nos
520 3697 648 3758 qrroque
664 3678 773 3742 Bruno
796 3679 848 3742 dei
868 3680 970 3761 gratia
990 3679 1178 3762 prepositae,
1201 3677 1384 3740 Cunemun-

85 3759 144 3822 dus
168 3763 306 3828 decanus
333 3769 500 3847 totumque
521 3768 695 3848 capitulum
719 3768 801 3831 dicte
823 3769 1088 3850 Noenburgensis
1109 3767 1242 3830 ecclesie
1265 3765 1302 3828 ad
1327 3784 1383 3828 ex-

83 3850 280 3928 primendum
305 3860 447 3918 nostrum
470 3875 661 3923 consensum
684 3856 1382 3939 premissisomnibusliberaliteracoessisse,

84 3937 218 4020 sigillum
246 3949 391 4008 nostrum
419 3946 619 4028 presentibus
648 3947 794 4010 similiter
816 3948 968 4011 duximus
988 3949 1222 4030 apponendum.
1264 3945 1382 4010 Datum

84 4033 113 4090 et
135 4035 236 4096 actum
258 4033 436 4117 Noenbnrg
457 4054 541 4098 anno
563 4035 602 4098 ab
625 4037 843 4100 incarnatione
866 4037 988 4100 domini
1010 4037 1157 4112 M⁰ccc⁰,
1177 4037 1210 4098 in
1234 4036 1285 4098 die
1309 4035 1382 4099 bea-

84 4124 186 4182 torum
206 4123 419 4204 apostolorum
442 4124 528 4188 Petri
550 4129 582 4188 et
602 4125 702 4189 Pauli.

155 4233 165 4259 ¹
182 4235 315 4291 Gozeret*
393 4229 404 4268 b
422 4238 449 4292 D
468 4241 525 4306 (vor
543 4239 696 4308 Henrious)
714 4241 912 4310 aurpwtrieden

656 4385 666 4390 -
674 4385 728 4392 --·
739 4385 840 4393 -⁴-—-
