3506 5148
274 417 326 476 448
648 419 880 478 Urkundenbueh
898 421 946 477 des
964 422 1091 478 Klostars
1109 421 1211 477 Pforte.

274 574 518 637 communimus.
553 572 640 636 Nulli
661 593 736 653 ergo
757 575 888 637 omnino
909 575 1075 637 homiuum
1099 574 1190 639 liceat
1210 575 1291 636 hanc
1311 575 1458 657 paginam
1474 579 1579 638 nostre

275 663 523 726 confirmationis
556 665 727 745 infringere
758 665 807 727 vel
844 667 872 729 ei
909 685 990 729 ausu
1025 666 1190 729 temerario
1222 667 1385 728 contraire.
1435 663 1468 728 Si
1507 665 1579 746 quis

274 759 381 817 arrtem
403 755 462 816 hoe
483 759 667 836 attemptare
688 757 926 837 presumpserit,
954 755 1204 836 indignationem
1231 756 1457 838 omnipotentis
1478 753 1526 817 dei
1549 763 1580 818 et

274 844 438 908 beatorum
460 844 546 907 Petri
566 851 597 908 et
617 846 709 909 Pauli
732 845 943 928 apostolorum
965 847 1035 909 eius
1057 866 1090 910 se
1112 849 1235 910 noverit
1256 849 1473 910 incursurum.
1518 843 1579 908 Da·

274 939 343 998 tum
366 936 527 998 Auinione
549 936 698 999 kalendas
719 936 848 1019 Aprilis,
868 937 1070 1019 pontificatus
1092 939 1190 1001 nostri
1213 958 1297 1001 anno
1320 939 1418 1001 tertio.

799 1147 1048 1156 -.-——.·-.-—-—

275 1209 388 1290 1319.
417 1210 503 1291 Mar
523 1213 558 1291 l.
1488 1215 1580 1296 483.

355 1353 417 1418 Die
437 1355 567 1420 Brilder
591 1357 735 1421 Giinther
755 1357 824 1420 arrd
845 1357 982 1421 Eberlrer
1007 1377 1065 1420 voa
1077 1356 1298 1439 Struussfurilr
1320 1361 1494 1442 verlrouscrr
1513 1363 1580 1425 dero

316 1445 437 1510 Kloster
462 1445 570 1528 Pforle
592 1448 660 1511 riae
678 1446 779 1512 Wiese
799 1449 836 1510 in
856 1447 913 1512 der
933 1445 1027 1512 Ndlre
1046 1447 1146 1510 dieses
1167 1446 1292 1529 Dorfes.

425 1582 559 1638 Hdselrrm
582 1585 673 1638 Tria.
702 1586 775 1639 Drr
794 1584 963 1652 (titvchre)
983 1587 1032 1640 avit
1050 1587 1169 1655 weaipen
1188 1586 1364 1656 Karaenpar.

425 1675 538 1729 Dmelr:
557 1677 693 1732 Drutsrlr:
718 1678 803 1744 Wolff
817 1678 860 1743 II,
877 1681 939 1731 378.

355 1808 512 1874 Omnibus
538 1809 653 1874 Christi
681 1811 840 1888 fidelibus,
869 1812 907 1874 ad
938 1833 1019 1896 quos
1050 1833 1179 1896 presens
1211 1814 1363 1896 scriptum
1395 1818 1580 1897 pervenerit

275 1899 341 1963 Nos
363 1900 547 1964 Guntherus
569 1906 600 1964 et
618 1901 799 1965 liberberus
817 1903 930 1966 fratres
952 1903 990 1966 de
1004 1903 1159 1968 Stusforte
1181 1905 1437 1985 recognoscimus
1455 1905 1583 1988 publice

274 1991 491 2072 protestando,
519 1992 602 2075 quod
625 1993 663 2054 de
685 1993 768 2055 bona
790 1992 950 2057 voluntale
973 1999 1004 2056 et
1024 1993 1187 2056 communi
1207 1995 1414 2056 conniventia
1436 1996 1582 2059 omnium

274 2082 463 2145 coheredum
495 2087 675 2146 nostrorum
707 2084 835 2146 domino
858 2083 989 2148 Alberto
1020 2080 1125 2145 abbati
1155 2088 1185 2146 et
1219 2085 1390 2147 conventui
1423 2086 1456 2147 in
1486 2084 1584 2149 Porta

274 2172 477 2235 vendidimus
503 2173 587 2236 iusto
614 2173 705 2236 titulo
732 2173 929 2236 vendicionis
957 2194 1058 2236 unum
1081 2178 1207 2257 pratum
1230 2175 1328 2237 situm
1349 2175 1383 2236 in
1406 2193 1485 2256 pago
1506 2173 1584 2238 ville

273 2260 428 2324 Stusforto
460 2267 541 2326 retro
572 2264 692 2325 curiam
718 2263 823 2326 Vehre
853 2268 941 2326 trans
971 2263 1092 2328 flumen
1121 2263 1307 2329 Vnstruht¹.
1339 2263 1422 2346 quod
1454 2269 1583 2346 pratum

274 2350 370 2434 vulgo
393 2353 508 2416 dicitur
529 2353 797 2434 Gangolffesbige,
818 2373 892 2416 eum
915 2353 1064 2416 omnibus
1084 2352 1226 2430 iuribus,
1256 2352 1368 2416 usibus
1390 2359 1419 2415 ct
1438 2353 1585 2416 utilitati-

273 2439 342 2515 bue,
364 2443 446 2506 sicut
466 2463 524 2507 nos
547 2463 583 2506 ae
605 2445 704 2507 nostri
726 2445 941 2526 progenitores
962 2443 1115 2507 hactenus
1136 2443 1318 2522 habuimus
1339 2444 1408 2506 iure
1430 2449 1584 2526 perpetuo

273 2532 513 2614 possidendum,
541 2540 572 2597 et
597 2535 656 2596 huc
682 2554 737 2616 pro
764 2539 848 2597 certa
875 2553 1002 2596 summa
1027 2535 1175 2616 pecunie,
1200 2554 1297 2616 quarn
1326 2532 1365 2595 ab
1396 2534 1473 2615 ipsis
1500 2534 1584 2598 inte-

273 2622 401 2703 graliter
430 2625 493 2686 iam
519 2626 696 2707 recepimus
722 2629 753 2687 et
777 2625 810 2686 in
841 2644 919 2686 usus
946 2629 1072 2687 nostros
1100 2624 1221 2687 utiliter
1251 2627 1299 2686 ost
1328 2642 1495 2702 conversa,
1527 2623 1585 2686 ab·

274 2715 512 2777 renunctiantes
535 2714 683 2777 omnibus
704 2713 837 2789 iuribus
859 2713 971 2776 usibus
993 2719 1024 2776 et
1045 2713 1245 2792 utilitatibus
1267 2731 1330 2794 que
1346 2711 1438 2776 nobis
1459 2713 1491 2774 in
1513 2714 1584 2795 ipso

273 2807 362 2884 prato
383 2805 536 2867 hactenus
558 2809 724 2887 conpetere
745 2803 946 2882 videbantur,
967 2805 1019 2868 ius
1039 2809 1069 2866 et
1090 2803 1268 2889 dominium
1289 2803 1392 2886 ipsius
1408 2803 1441 2864 in
1459 2822 1585 2884 posses-

275 2894 395 2956 sionem
418 2896 630 2977 predictorum
652 2895 869 2972 religiosorum
892 2892 1091 2976 presentibus
1112 2894 1337 2957 transferentes
1353 2894 1423 2955 iure
1442 2895 1586 2974 proprie-

274 2985 347 3046 tatis
368 2990 516 3067 perpetue
538 2985 772 3068 possidendnnr.
814 2983 916 3066 Super
936 2983 1101 3047 evictionis
1126 3003 1254 3067 quoque
1276 2988 1307 3046 et
1326 2982 1582 3064 guarandiarum

274 3075 427 3138 caucione
453 3076 649 3139 iusticialiter
676 3075 818 3137 iacienda
841 3094 899 3138 nos
926 3073 1126 3156 presentibus
1153 3073 1339 3156 obligamus
1381 3071 1583 3154 inquorum

275 3165 417 3226 omnium
458 3165 587 3228 evidens
623 3166 840 3228 testimonium
874 3183 1004 3247 presens
1037 3165 1189 3245 scriptum
1231 3163 1409 3225 confectum
1447 3163 1585 3245 desuper

275 3258 456 3316 nostrorum
492 3255 665 3336 sigillorum
695 3256 873 3318 munimine
904 3275 967 3317 una
995 3273 1068 3316 cunr
1098 3253 1199 3335 sigillo
1226 3251 1341 3314 nobilis
1368 3252 1428 3314 viri
1462 3253 1586 3316 domiui

275 3341 418 3406 Heinrici
440 3345 563 3407 comitis
586 3346 637 3408 inb
660 3345 876 3426 Bycholingen
904 3343 1058 3406 duximus
1079 3342 1299 3407 roborandum.
1339 3340 1380 3404 nt
1401 3361 1459 3404 nos
1482 3341 1585 3406 Hein-

276 3433 362 3494 ricus
391 3434 439 3496 dci
467 3436 573 3516 gracia
598 3455 703 3498 comos
731 3436 765 3496 in,
788 3433 1006 3514 Bycholingen
1031 3434 1288 3515 recognoscimus
1312 3432 1583 3514 suprascriptum

275 3522 437 3584 veritatem
461 3543 516 3604 per
536 3525 644 3586 omnia
664 3523 834 3600 continere,
863 3525 896 3585 in
918 3523 1011 3585 ouius
1032 3523 1249 3585 testimonium
1271 3520 1412 3603 sigillum
1435 3526 1582 3585 nostrum

276 3629 315 3673 ex
344 3618 428 3674 certa
456 3614 591 3675 sciencia
620 3614 755 3696 appendi
783 3614 916 3675 lecimus
945 3610 1021 3674 huic
1048 3614 1172 3694 scripto.
1213 3609 1331 3674 Datum
1354 3629 1438 3672 anno
1461 3610 1583 3673 domini

277 3702 363 3778 1319,
384 3702 535 3765 kalendas
547 3701 631 3765 Maii.
661 3703 768 3768 Testes
786 3704 882 3766 huius
901 3700 1298 3765 suntHermannusmiles
1314 3699 1584 3777 dictusllunclre‘,

274 3789 447 3854 Heinricus
474 3791 577 3854 dietus
602 3792 703 3872 Voitl,
733 3792 889 3856 liudolfus
924 3791 1028 3855 dictus
1055 3791 1094 3855 de
1117 3791 1389 3855 Tunozenhusen⁰
1417 3789 1582 3854 castellani

274 3881 309 3942 iu
331 3880 506 3958 Stusforde,
532 3880 740 3946 Theodericus
762 3882 865 3944 dictus
887 3880 1110 3964 lantgravius,
1139 3880 1311 3944 Heinricus
1336 3880 1440 3942 dietus
1460 3879 1583 3959 Thyme

275 3975 506 4034 commorantes
528 3971 664 4050 ibidem,
691 3973 787 4035 frater
808 3970 972 4034 Corradus
993 3971 1096 4033 dietus
1117 3969 1310 4047 Ysenhuhtf,
1331 3968 1426 4032 frater
1445 3968 1584 4032 Theode

275 4061 360 4123 ricus
390 4062 493 4124 dictus
525 4061 685 4141 Schower,
716 4062 812 4126 frater
843 4061 994 4125 Albertus
1024 4062 1127 4124 dietus
1157 4061 1195 4124 de
1225 4060 1309 4139 (lyce
1341 4065 1372 4122 et
1402 4059 1455 4121 alii
1485 4080 1583 4142 quam

275 4150 402 4232 plurimi
424 4150 485 4214 tide
508 4151 604 4232 digni.

346 4291 495 4346 ²vastrad
522 4292 552 4346 D
658 4283 731 4348 lde
760 4293 790 4346 D
896 4291 1016 4347 CWulre
1046 4293 1071 4345 Τ
1111 4291 1165 4360 Vpl.
1185 4289 1301 4346 Nesea
1405 4280 1531 4344 lVoich
1565 4292 1590 4346 Τ

275 4369 518 4426 ‘'Thutzenhrisen
540 4373 565 4425 Τ
596 4371 803 4428 Tunczinhusin
822 4373 852 4426 D
923 4361 1068 4425 ‘Isinhud
1087 4369 1117 4422 D

803 4563 1052 4571 ——.——-
