3400 5148
577 382 626 438 Nr.
638 381 783 436 tto-141.
799 381 874 437 12⁵5.
1328 378 1377 432 169

85 533 276 598 emolumenti
299 542 404 597 nostre
428 534 507 596 toret
528 545 755 616 proventurum
780 532 921 594 ecclesie.
943 531 1134 613 eruptionem
1156 531 1239 592 inter
1262 547 1378 590 nieoru-

87 630 156 686 ratos
200 623 345 688 abbatem
382 631 414 687 et
450 631 642 687 conventum
682 623 864 686 monasterii
904 621 1063 684 l'ortensis
1100 639 1137 682 ac
1174 618 1377 683 Harbordum

85 713 221 796 legittime
249 715 364 778 tactam
393 721 508 792 samm,
533 719 655 796 gratam
682 713 823 796 gerimus
850 723 882 776 et
907 717 1070 794 acceptam
1092 729 1129 773 ac
1149 709 1279 774 eosdem
1301 727 1378 790 qua·

84 812 140 866 tuor
165 823 293 868 mansos
319 804 352 866 in
381 803 456 866 villa
481 809 514 867 et
540 822 619 886 pago
641 802 905 868 Heutscesleiben
933 801 1128 880 numerals,
1160 800 1251 877 ortis,
1272 799 1379 882 pratis,

83 893 208 974 praeuia,
239 894 385 972 carectis,
416 892 548 969 salictis,
577 893 671 956 cultis
698 897 731 956 et
756 891 886 956 incultis
913 896 1039 954 etcum
1061 888 1210 954 omnibus
1231 887 1271 950 ad
1292 887 1380 971 ipsos
1445 951 1446 960 ,

86 982 304 1062 pertinentibus
340 981 446 1045 abbati
477 987 510 1044 et
538 983 712 1044 conventui
741 980 947 1044 Portcnsibus
975 997 1048 1062 sepe
1077 977 1170 1041 dictis
1196 978 1379 1042 communib

86 1089 230 1136 consensu
259 1078 291 1134 et
325 1072 467 1134 unanimi
499 1070 662 1134 voluntate
693 1091 750 1153 pro
781 1089 897 1134 novem
928 1069 1044 1132 marcis
1075 1067 1199 1150 argenti
1224 1067 1380 1150 presentis

85 1162 179 1244 scripti
219 1161 393 1243 patrocinio
430 1161 660 1238 contradimus
696 1161 935 1244 appropriamus
972 1164 1005 1222 et
1042 1157 1269 1220 confirmamus
1306 1175 1380 1220 cunr

85 1253 160 1314 omni
174 1251 258 1322 inre,
279 1249 434 1325 dominio,
456 1251 661 1334 proprietate,
683 1251 897 1332 possessione,
918 1247 1125 1331 proventibus
1142 1251 1174 1310 et
1191 1246 1380 1310 utilitatibus

86 1341 235 1417 cumbae,
262 1360 325 1422 que
351 1341 492 1424 predicto
514 1339 681 1404 Harbordo
703 1339 926 1422 competebant
944 1345 976 1402 et
998 1356 1060 1418 que
1081 1335 1218 1400 habebat
1238 1337 1271 1398 in
1294 1336 1379 1418 ipsis,

86 1450 136 1510 que
168 1450 254 1496 nunc
288 1437 364 1495 sunt
399 1436 431 1496 et
460 1432 495 1493 iu
532 1437 693 1513 posterum
727 1435 893 1512 poterunt⁶
920 1425 1381 1510 quomodolibetproveuirel,

85 1521 141 1585 sive
167 1522 202 1584 in
227 1522 398 1605 superficie
421 1529 503 1586 terre
525 1522 588 1584 iam
610 1525 782 1603 appareant
803 1519 853 1582 vel
875 1519 969 1582 etiarn
993 1514 1203 1598 quibuslibet·
1223 1514 1327 1578 modis
1347 1515 1381 1576 in

85 1610 147 1674 imis
171 1615 254 1674 terre
282 1612 486 1695 apparuerint
512 1612 545 1674 in
566 1611 696 1689 tuturo,
727 1610 832 1691 quiete
854 1629 891 1672 ac
914 1606 1084 1689 tranquille
1107 1611 1260 1688 perpetuo
1281 1604 1382 1686 possi-

87 1699 204 1764 dendos.
248 1699 349 1784 Super
374 1701 541 1764 evictionis
567 1699 813 1782 gwararrdieque
833 1697 1040 1762 caucionibus
1062 1697 1204 1759 omnium
1225 1693 1382 1778 predicto-

87 1809 148 1853 rum
169 1791 368 1854 renditorum
391 1797 423 1854 et
442 1791 693 1854 contraditorum
718 1788 972 1871 prenominatus¹
999 1785 1188 1850 Hcrbordus
1218 1803 1252 1847 se
1273 1801 1380 1846 coram

88 1879 168 1942 nobis
196 1880 373 1944 secundum
405 1885 487 1944 terro
517 1879 782 1944 consuetudinem
812 1877 951 1942 fideliter
986 1876 1145 1958 obligavit.
1192 1873 1274 1937 Sane
1308 1891 1380 1936 cum

89 1968 250 2049 prelibatus
276 1969 465 2032 Herbordus
499 1974 572 2032 aute
603 1970 704 2032 dictos
731 1975 868 2050 quatuor
896 1985 1023 2030 mansos
1050 1967 1084 2028 in
1108 1964 1246 2028 claustro
1274 1967 1382 2026 nostro
1460 1989 1462 1992 ·

88 2057 202 2140 publice
228 2079 265 2122 ac
294 2059 499 2142 solempniter
524 2059 564 2122 ad
591 2077 704 2122 munus
727 2065 851 2121 nostras
873 2051 1382 2139 resignavcnm,utt1acutasic

87 2147 347 2212 rationabiliteret
361 2154 487 2231 peracta
508 2153 660 2232 perpetua
680 2148 831 2211 firmitate
851 2146 1027 2210 consistant
1047 2161 1159 2208 secura
1179 2149 1290 2206 contra
1305 2140 1383 2204 obli-

89 2237 182 2300 vionis
205 2238 459 2305 incommodum.
496 2239 707 2302 cavillationis
738 2243 770 2302 ct
801 2235 1070 2319 interpretationis
1103 2233 1229 2297 sinistre
1263 2230 1383 2312 calum·

89 2327 184 2408 pniam
196 2325 422 2407 detestandam,
443 2347 539 2410 super
559 2328 606 2390 eis
619 2333 797 2410 presentem
814 2327 961 2408 paginam
975 2324 1188 2406 conscriptam
1204 2320 1380 2402 sigillorum

91 2423 256 2480 nostrorum
283 2417 531 2501 appensionibus
557 2417 709 2480 iussimus
730 2415 886 2490 roborari,
916 2419 950 2477 ut
970 2433 1011 2476 ex
1032 2414 1092 2476 hoc
1113 2413 1210 2474 vivax
1230 2409 1383 2474 memoria

90 2505 124 2567 sit
155 2513 184 2570 et
214 2507 393 2590 perhennis.
440 2509 521 2570 Aeta
556 2513 631 2570 sunt
667 2507 725 2570 hec
765 2525 847 2568 anno
880 2503 1001 2566 domini
1033 2510 1268 2576 tt⁰ct1⁰L⁰V⁰,
1299 2508 1384 2562 t'1110

91 2593 229 2659 kalendas
240 2596 393 2680 Augusti,
416 2597 588 2658 indictione
611 2597 706 2664 XH'l,
728 2596 760 2658 in
783 2594 941 2677 presentia
957 2611 1083 2669 eorum,
1106 2610 1241 2673 qrrorum
1255 2590 1384 2653 nomina

91 2695 156 2746 sunt
180 2686 369 2769 subscripta:
397 2685 485 2764 Otto,
509 2685 644 2766 symon,
672 2685 877 2748 Hermannus
903 2682 1077 2766 portarius,
1102 2679 1255 2744 Albertus
1282 2697 1384 2742 came·

91 2775 199 2837 rariush
222 2779 412 2852 conventus,
450 2774 610 2838 volkerus
641 2773 796 2856 plebanus
834 2774 865 2835 in
904 2771 1128 2855 Oreigenboro‚
1171 2769 1384 2834 Winernarus.

92 2862 229 2928 rllbertua
249 2865 369 2942 ¹fratres
390 2864 429 2928 de
452 2863 562 2943 Porta,
583 2863 788 2928 Hermannus
810 2863 849 2926 de
871 2861 1142 2944 Weringeshuseu
1160 2866 1193 2924 et
1212 2858 1266 2922 alii
1288 2876 1385 2940 quam

94 2952 196 3034 plures.

153 3082 295 3184 'ledttme
324 3111 353 3166 Ι)
430 3103 516 3183 bq‘ni
543 3113 572 3166 D
600 3109 665 3166 mir
703 3111 839 3166 aemesam
865 3126 916 3164 our
941 3110 989 3182 qm
1020 3109 1039 3162 1
1135 3106 1145 3134 ⁰
1180 3103 1320 3178 potuerint
1364 3103 1389 3156 ‘l'

94 3177 251 3260 *peruenire
273 3193 299 3247 Τ
360 3191 601 3265 'quibuscunque
622 3191 649 3246 Τ
702 3182 936 3262 fprenotatnal'
977 3187 1161 3258 ‘resignauit
1182 3185 1208 3239 Τ
1248 3179 1380 3239 1¹'‘carrie-

95 3269 169 3325 mrius
183 3271 327 3328 'Albertus
346 3271 375 3327 D
393 3271 567 3326 Oanrerarius
587 3269 718 3325 elbertus
740 3269 764 3323 T

155 3385 164 3424 ¹
181 3387 250 3444 saro
268 3387 326 3446 ind.
346 3386 431 3442 XIII.

610 3511 858 3520 -Ἥ

100 3595 401 3682 icentunae.
1302 3589 1387 3671 lot.
1510 3633 1511 3638 Ν

166 3755 255 3839 Graf
274 3757 381 3822 Aleae
410 3778 469 3822 vora
494 3755 702 3821 Robcrswold
733 3755 883 3820 detondet
915 3752 966 3816 dia
1001 3751 1067 3831 auf
1089 3751 1157 3814 dem
1181 3746 1388 3829 Laudemicld

131 3866 168 3910 to
194 3847 385 3927 Bottmdors
408 3851 502 3911 muter
533 3847 647 3910 salmom
681 3845 800 3909 Vorsr'ta
829 3842 1009 3924 cadratam
1032 3839 1187 3923 fcierlicbe
1221 3837 1388 3918 Ueberpobo

131 3935 179 4000 der
212 3957 269 4001 coo
300 3937 368 4000 dero
399 3935 523 4000 Kbrster·
547 3933 719 3998 Merolebeo
750 3955 794 3998 erro
824 3933 883 3996 dos
909 3931 1034 3996 Kloater·
1061 3929 1169 4012 Pforte
1198 3927 1388 4009 certoofteu

133 4030 151 4087 3
169 4025 277 4108 Hufea
298 4027 332 4089 io
354 4023 648 4090 Klein-Mamaeae.

235 4165 370 4220 uuor.-
389 4163 418 4218 1)
430 4155 481 4218 17¹¹
499 4163 551 4232 (aa.
571 4161 710 4218 ceroma.

234 4272 341 4328 Druck:
363 4271 497 4328 cavacu-
521 4267 656 4337 Wotffll,
675 4274 718 4326 80.

170 4398 313 4464 :libertus
335 4401 385 4464 dei
407 4403 489 4462 nutu
511 4417 617 4460 comes
639 4397 678 4458 de
700 4394 905 4458 Rauenswalt
924 4392 1083 4456 universis
1101 4389 1216 4454 Christi
1238 4387 1388 4451 fidelibus

107 4479 133 4542 iu
160 4495 346 4570 perpetuum.
394 4487 474 4552 Cum
510 4505 569 4550 nos
606 4486 636 4547 in
669 4482 874 4548 Putelendorf
905 4480 1138 4564 presideremus
1168 4477 1286 4541 iudicio
1316 4497 1388 4560 pro-

108 4569 229 4657 vinciali,
255 4579 339 4660 quod
365 4575 529 4642 lantdinoh
558 4575 730 4658 vulgariter
751 4571 939 4656 appellatur,
967 4568 1143 4636 secundum
1164 4587 1285 4632 morem
1307 4572 1388 4632 terre
