3402 5152
294 393 346 454 434
664 393 895 452 Urhundenbueh
912 395 961 454 des
979 393 1106 452 Kiosters
1124 394 1230 452 Pforte.

294 553 327 615 in
350 549 561 632 augmentum
581 550 701 614 roboris
723 571 817 613 suum
840 551 994 632 sigillum,
1023 571 1086 632 qno
1116 552 1328 614 eonnnuniter
1349 554 1499 630 utuntur,
1528 550 1589 612 hnic

296 644 409 726 pagine
431 641 678 724 appenderuntd.
721 642 803 704 Sunt
830 638 929 703 eciam
956 646 1051 703 testes
1072 640 1279 704 Hermannus
1308 643 1409 723 prior,
1437 640 1590 704 Conradas

295 734 449 814 subprior,
469 729 698 811 Hermanln]us
719 733 925 810 camerarum,
952 729 1157 794 Echehardus
1178 731 1337 794 fornerius
1358 732 1503 793 monaehi
1527 731 1591 793 Por-

295 831 407 902 tenses,
424 823 519 884 frater
530 821 702 884 Heinricus
724 823 873 902 magister
895 822 983 882 curie
1005 825 1035 883 in
1049 821 1245 900 Gernstcthe,
1268 821 1486 900 fraterBusso,
1507 823 1591 884 frater

294 915 451 980 Iohannes
472 913 652 974 horrearius
675 913 820 974 conversi
843 911 1012 974 Fortenses
1041 918 1071 974 et
1101 931 1196 994 quam
1217 911 1325 993 plures
1346 911 1398 973 ahi
1419 911 1482 974 fide
1504 912 1591 993 digni.

200 1034 203 1043 1
294 1006 411 1069 Datum
443 1022 527 1065 anno
558 1003 679 1064 domini
707 1011 940 1079 M⁰CCC⁰XVI,
975 1003 1006 1063 in
1040 1002 1091 1064 die
1123 1001 1204 1064 beati
1236 1003 1375 1065 Seruacii
1405 1004 1542 1085 episcopi
1565 1007 1592 1062 et
1623 989 1633 1038 s

293 1095 490 1161 confessoris.

364 1231 421 1283 ²¹et
439 1228 468 1280 D
518 1217 694 1279 becclesiam
714 1223 873 1278 Pordensem
895 1225 924 1278 D
983 1227 993 1252 ²¹
1012 1225 1105 1279 fratris
1124 1225 1178 1280 moi
1198 1225 1236 1279 H.
1256 1225 1283 1277 1)
1335 1215 1592 1294 “inpenderuntD

366 1347 375 1374 ¹
394 1345 491 1400 Dubia
507 1343 598 1411 pelam
616 1341 701 1407 arecia,
729 1341 793 1394 dass
810 1341 840 1394 D
857 1341 909 1394 den
925 1359 1029 1415 ponzen
1047 1341 1091 1395 die
1110 1343 1216 1410 Zeapen
1233 1357 1286 1394 aare
1304 1341 1397 1408 Psorte
1413 1340 1593 1394 entaauendea

293 1426 358 1482 Sota
375 1425 504 1494 soadldssi.
541 1423 602 1475 Aue
620 1423 747 1476 letamen
762 1421 909 1474 Uarrstande
921 1423 1016 1490 folpcrt
1033 1423 1116 1493 Wolff
1124 1423 1173 1476 mit
1192 1421 1315 1487 Uareeld,
1333 1421 1398 1472 dass
1411 1422 1470 1473 eirea
1482 1419 1594 1488 doppede

294 1506 492 1574 Amfertr'punp
510 1503 558 1554 der
580 1501 709 1554 [hamme
726 1501 927 1568 stanpesoaden
946 1502 1000 1555 irat.
1037 1501 1091 1556 Die
1108 1507 1219 1570 spdiern
1227 1500 1384 1554 Abarim-dte
1403 1517 1452 1554 ron
1467 1499 1498 1554 D
1516 1502 1594 1554 dassen

293 1585 407 1653 or'elsuch
424 1584 467 1636 die
486 1583 592 1650 Zeupea
610 1581 740 1634 endroeder
756 1598 826 1650 praua
844 1581 907 1634 odor
924 1599 985 1634 aram
1006 1581 1077 1635 Theai
1096 1599 1157 1652 orep.

294 1811 405 1919 1316.
433 1835 673 1918 November
687 1835 754 1916 20.
1510 1835 1595 1915 467.

373 1983 490 2046 Eudora
522 1981 624 2044 aruer
653 2001 713 2044 voa
743 1981 843 2046 Solae
873 1939 943 2045 arrad
970 1985 1037 2046 scia
1056 1983 1139 2048 sono
1161 1984 1297 2064 Ludwig
1328 1983 1503 2064 arerhuusea
1532 1981 1595 2044 dea

333 2073 461 2136 Kloster
473 2073 581 2152 Psorde
598 2071 739 2151 dldafen
758 2071 816 2135 naid
827 2073 992 2136 chensovr'ed
1004 2075 1108 2155 deeu
1119 2077 1154 2137 ira
1168 2074 1331 2154 Obrinpen.
1373 2073 1437 2153 Vyl.
1452 2071 1511 2135 Nr.
1525 2076 1595 2134 464.

445 2199 580 2252 flascon:
602 2189 706 2255 'P183¹'.
735 2191 828 2254 Dddb
847 2202 899 2268 (aa.
911 2200 1075 2272 Oberingin)
1095 2204 1145 2255 mit
1162 2202 1336 2269 Kdraaapcu

445 2291 557 2345 Danaeia:
577 2291 712 2344 Derdscb:
736 2283 821 2360 Wolff
835 2293 877 2359 Π,
895 2298 956 2348 364.

376 2417 534 2481 Omnibus
545 2415 658 2478 Christi
681 2413 831 2478 fidelibus
852 2419 1015 2498 presencia
1037 2419 1161 2480 visuris¹
1205 2417 1272 2480 Nos
1283 2417 1491 2482 lhhhehardus
1509 2418 1598 2481 miles

295 2511 398 2572 dictus
430 2509 468 2570 de
496 2507 603 2569 Saline
631 2515 661 2568 et
688 2503 876 2568 Ludeuicus
904 2508 991 2570 filins
1019 2529 1098 2571 suus
1125 2512 1381 2589 recognoscimus
1404 2517 1510 2572 tenore
1532 2529 1597 2592 pre·

293 2602 445 2678 sennium,
467 2597 550 2679 qnod
566 2616 626 2658 nos
644 2597 859 2658 decommum
876 2601 1193 2660 consensuomniunr
1211 2600 1400 2662 coheredum
1418 2605 1597 2662 nostrorum

293 2700 322 2754 et
345 2690 436 2773 plena
458 2688 666 2750 connirenoia
687 2686 815 2748 domino
838 2687 967 2749 Alberto
990 2687 1095 2750 abbati
1117 2689 1150 2750 in
1169 2687 1263 2752 Porta
1284 2705 1406 2771 suoque
1428 2689 1598 2752 conventui

294 2801 350 2842 sex
372 2799 500 2841 mansos
521 2797 593 2840 cum
618 2777 746 2838 totidem
769 2778 851 2838 areis
870 2779 901 2838 in
926 2777 1086 2857 Obringcn
1110 2780 1186 2840 sitos
1207 2799 1280 2841 cum
1303 2781 1388 2841 omni
1411 2778 1597 2861 iure‚q110d

293 2874 327 2933 in
349 2871 427 2952 ipsis
449 2867 621 2930 habuimus
643 2867 710 2926 sive
733 2867 765 2926 in
789 2871 948 2948 posterum
970 2868 1106 2930 habituri
1130 2889 1281 2946 essemus,
1310 2869 1510 2932 vendidimus
1530 2871 1600 2930 iure

294 2965 464 3044 perpetuo²
487 2957 700 3040 possidendos
744 2955 831 3030 Quos
860 2958 986 3038 quidem
1017 2978 1144 3020 mansos
1165 2980 1184 3021 a
1205 2959 1297 3020 nohis
1317 2960 1349 3020 in
1372 2958 1461 3021 feodo
1483 2958 1600 3020 habuc

294 3057 368 3114 runt
397 3051 455 3110 viri
481 3047 697 3124 honorabiles,
726 3049 780 3127 qui
808 3053 972 3124 secuntur,
999 3048 1142 3111 videlicet
1164 3048 1367 3110 bhmtherusb
1389 3053 1420 3109 et
1441 3046 1601 3110 Henricns

293 3143 405 3204 fratres
426 3140 500 3202 dicti
523 3137 626 3200 Phaz⁰
648 3157 749 3199 unum
774 3157 930 3216 mansum,
952 3135 1115 3201 Conradus
1137 3145 1168 3202 ct
1188 3137 1349 3202 Henricus
1367 3138 1440 3200 dieti
1463 3137 1598 3200 Blumen

296 3252 396 3294 unum
419 3249 581 3304 mansum,
607 3227 785 3289 Fridcricus
808 3227 910 3290 dictus
932 3228 1119 3310 Sagittarius
1140 3231 1178 3292 de
1200 3229 1360 3310 Obringcn
1389 3249 1489 3290 unam
1511 3247 1602 3290 num·

295 3343 383 3400 sum‚
413 3320 573 3382 Henrious
599 3319 702 3380 dictus
731 3317 782 3379 Uss
810 3317 866 3379 der
891 3319 1005 3380 wimer
1031 3318 1198 3382 dimidium
1221 3337 1381 3398 mansum,
1408 3317 1549 3398 Tptzeli‘
1571 3325 1600 3378 et

295 3412 458 3476 Conradus
487 3417 517 3472 ct
545 3409 752 3472 Hermanuus
783 3408 856 3470 dicii
880 3406 1009 3471 Worme
1038 3409 1149 3472 fraires
1177 3411 1208 3471 in
1236 3408 1405 3472 Botelstete
1433 3409 1600 3470 dimidium

297 3523 460 3578 mansum,
490 3499 684 3563 Wernherus
712 3499 750 3560 de
771 3499 913 3581 Appolde
946 3499 1111 3562 dimidium
1146 3520 1311 3579 mansum,
1341 3497 1603 3579 Heynenranrms,

295 3593 445 3658 Nicolaus
474 3597 504 3653 et
529 3590 657 3654 'fidaeih‘
683 3590 794 3652 fratres
822 3595 852 3650 et
878 3608 966 3650 soror
991 3610 1100 3652 eornm
1131 3590 1270 3654 Elisabet
1296 3591 1412 3654 hekina
1433 3588 1601 3650 dimidium

295 3703 457 3762 mansum,
489 3701 548 3744 nee
581 3700 641 3742 non
676 3680 904 3762 possessionem
931 3681 1114 3743 eorumdem
1147 3682 1303 3744 bonorum
1332 3700 1404 3742 oum
1434 3680 1602 3742 omnisne

294 3775 446 3850 utilitato,
474 3773 555 3833 sicut
582 3791 639 3832 nos
667 3771 818 3832 hactenns
847 3769 1034 3846 habuimus,
1061 3773 1092 3832 in
1123 3771 1298 3834 dominium
1323 3777 1509 3853 perpetuum
1530 3787 1602 3849 pre·

295 3866 449 3926 dictorum
483 3862 714 3942 religiosorum,
754 3861 874 3922 domini
906 3859 1051 3922 videlicet
1081 3860 1242 3924 Foriensis
1281 3862 1396 3944 suique
1425 3863 1602 3922 conventus

295 3955 391 4016 libere
422 3952 642 4013 transferimus
669 3952 699 4012 in
731 3951 778 4012 his
807 3951 946 4032 scriptis,
973 3950 1250 4014 abrenunciiantes
1281 3953 1368 4013 omni
1403 3951 1482 4028 iuri,
1513 3947 1601 4030 quod

295 4045 448 4106 hactenus
476 4041 647 4103 habuimus
675 4043 704 4103 in
729 4041 856 4104 eisdem.
900 4041 1002 4123 Super
1022 4043 1186 4103 evictionis
1208 4061 1336 4124 quoque
1357 4047 1388 4104 et
1406 4039 1603 4123 guarandis-

295 4155 365 4197 rnm
388 4134 540 4194 caueionc
563 4133 774 4213 predictorum
797 4130 951 4193 bonorum
981 4152 1044 4193 una
1070 4153 1141 4194 cum
1171 4136 1286 4196 nostris
1310 4132 1515 4195 coheredibus
1539 4149 1603 4190 nos

294 4227 327 4286 in
350 4223 485 4286 sohdnm
510 4221 696 4304 obligamus.
739 4221 779 4284 lh
801 4229 836 4283 ut
855 4222 912 4286 heo
933 4223 1039 4283 omnia
1055 4223 1235 4286 firmitatem
1251 4223 1386 4286 habeant
1404 4222 1603 4305 ampliorem,

294 4319 469 4396 presentem
505 4312 657 4372 rarhdam
682 4311 825 4393 'desuper
854 4312 966 4391 editam
1000 4313 1098 4373 nostri
1128 4314 1239 4395 sigillir
1267 4315 1445 4375 nrunimine
1466 4311 1602 4374 fecimus

293 4403 442 4464 roborari.
486 4401 602 4463 Datum
631 4421 715 4462 anno
742 4403 860 4462 domini
891 4411 1121 4479 M‘¹C(100xvl,
1151 4413 1202 4466 XI]
1234 4403 1384 4466 kalendas
1405 4399 1603 4464 Decembris.

292 4493 399 4554 Testes
428 4499 503 4554 sunt
528 4492 677 4553 dominus
699 4489 855 4552 Rudolfus
883 4493 1096 4554 marschaieus
1124 4493 1162 4555 de
1183 4493 1305 4572 Saliae,
1333 4493 1535 4556 Hernrannus
1560 4487 1602 4550 de

294 4581 484 4662 ebersberg,
511 4583 614 4643 Cunat
642 4581 745 4644 dictus
768 4580 887 4659 Wepze
915 4587 945 4643 ct
966 4585 1038 4646 Otto
1061 4584 1163 4646 dietus
1187 4583 1294 4664 Colre,
1318 4584 1416 4646 frater
1435 4579 1603 4646 Comedus
