3442 5148
300 393 317 447 8
669 392 900 449 Urlrundcnbuch
919 393 967 450 des
984 395 1111 449 Klosters
1129 394 1233 450 Pieria.

297 545 432 608 ecclesia
462 551 575 606 minoris
605 547 783 626 monachis,
819 547 875 628 qui
905 545 1010 610 adhuc
1039 546 1277 628 superfuerant,
1314 552 1472 606 collocaret.
1522 545 1601 609 Cum

297 653 413 717 magna
439 635 607 698 devotione
635 636 717 699 hano
745 657 854 700 curam
881 635 941 700 sibi
961 635 1146 718 iniungens,
1167 641 1211 715 ut
1234 635 1319 716 quod
1340 635 1533 718 impediente
1554 635 1603 696 in-

297 725 447 787 iinnitate
484 744 541 808 per·
576 745 610 788 se
646 726 778 809 implore
808 745 872 789 uon
905 725 1037 804 valeret,
1069 726 1129 788 hoo
1158 731 1260 784 intuitu
1290 729 1506 801 propinquitatis
1534 726 1601 808 ipse

296 819 469 890 implendum
495 815 683 898 susciperet,
711 816 831 880 habens
858 817 985 879 interim
1012 815 1070 878 sub
1100 815 1305 898 protectionis
1337 834 1393 878 sue
1424 815 1601 878 munimine

295 904 553 985 prenominatum
581 903 802 968 Zmolnensem
838 905 942 968 locum
969 923 1042 966 oum
1070 903 1218 966 omnibus
1244 901 1498 986 possessionibus
1528 904 1602 982 suis

298 1011 434 1073 quarum
456 1013 613 1056 summam
635 994 722 1058 mille
743 1013 871 1057 mansos
893 999 925 1057 ot
945 999 1072 1056 centum
1094 994 1193 1056 inisse
1214 993 1323 1056 nullus
1343 993 1489 1056 fidelium
1511 993 1602 1055 dubi-

297 1087 362 1144 tare
384 1083 585 1164 permittitur,
606 1086 719 1147 annuit
740 1085 885 1167 pontifex
907 1083 1063 1146 voluntati
1087 1083 1212 1146 comitis
1233 1089 1265 1145 et
1285 1084 1445 1160 universa,
1467 1082 1603 1164 quesibi

295 1173 439 1235 iniuncta
463 1173 606 1252 fuerant,
635 1194 668 1238 se
695 1175 873 1237 iacturum⁰
901 1173 1077 1257 spopondit.
1119 1173 1265 1236 Evolutis
1292 1173 1450 1254 siquidem
1472 1173 1602 1254 aliquod

296 1263 420 1325 dierum
448 1265 577 1346 spaciis,
610 1265 741 1352 prelato
760 1263 874 1327 comite
900 1263 1044 1326 debitum
1072 1264 1177 1326 camis
1204 1261 1405 1356 exsolvente,
1434 1264 1602 1346 episcopus

296 1353 383 1414 omni
396 1352 547 1418 dilatione
569 1355 671 1437 sopita
692 1355 731 1416 ad
753 1353 975 1418 Zmolnensem
997 1356 1159 1436 profectus
1175 1355 1282 1416 locum
1304 1355 1417 1416 amotis
1438 1353 1602 1416 monachis

295 1460 423 1505 omnem
445 1448 592 1506 ornatum
613 1443 686 1507 tulit
701 1445 740 1506 de
755 1442 899 1519 ecclesia,
919 1443 1069 1506 videlicet
1079 1443 1186 1522 libros
1208 1443 1331 1518 calices
1352 1447 1601 1526 preparamenta

294 1529 460 1614 privilegia
482 1550 627 1595 necnon
648 1533 809 1613 reliquiae,
831 1537 955 1595 etcum
978 1551 1102 1595 summa
1117 1534 1321 1596 veneratione
1337 1531 1422 1614 apud
1433 1532 1600 1594 ecclesiam

296 1639 385 1683 suam
409 1622 592 1703 Zyoensenf
614 1621 689 1702 (sic)
710 1623 768 1686 hec
797 1623 903 1685 omnia
929 1623 1096 1686 collocavit
1121 1622 1332 1686 recondenda.
1374 1621 1422 1684 Ea
1443 1623 1602 1704 siquidem

294 1714 480 1794 tempestate
501 1711 624 1790 accidit,
646 1717 682 1774 ut
702 1711 866 1775 translatio
887 1711 970 1774 beati
994 1712 1208 1775 Gothehard12
1229 1713 1262 1774 in
1283 1711 1498 1792 Hyldinshem
1519 1711 1601 1776 oele-

294 1799 384 1864 brata
413 1802 507 1884 longe
541 1803 666 1884 lateque
698 1803 923 1886 divulgaretur.
977 1802 1075 1866 Cuius
1107 1803 1244 1866 rumoris
1274 1803 1413 1866 novitate
1443 1806 1601 1866 excitatus

295 1891 462 1976 episcopus
492 1892 532 1954 ad
559 1893 738 1975 predictum
763 1892 870 1955 locum
899 1892 1231 1973 Hyldcnshemeusem
1261 1893 1479 1956 veneracionis
1506 1913 1603 1957 causa

296 2000 369 2044 oum
407 1982 595 2045 vicedomno
636 1982 836 2046 Hartmanno
875 1988 924 2046 est
958 1984 1119 2065 profectus
1151 1988 1182 2046 et
1209 1984 1244 2044 in
1275 1983 1344 2066 ipso
1373 1983 1486 2048 itinere
1518 1985 1601 2066 apud

295 2070 560 2135 Walkenrideuse
587 2071 776 2135 cenobium
807 2072 1028 2152 honestissime
1058 2078 1237 2156 susceptus,
1271 2091 1345 2135 cum
1377 2074 1416 2137 de
1447 2074 1601 2156 religione

294 2180 404 2224 eorum
443 2161 617 2245 plurimum
655 2162 881 2238 delectaretur,
918 2162 1040 2226 videns·
1067 2164 1312 2245 oportunitatem
1349 2164 1529 2240 advenisse,
1566 2170 1603 2227 ut

294 2254 405 2310 effectui
443 2256 628 2328 manciparet,
664 2251 750 2333 quod
787 2251 839 2334 pio
872 2252 978 2314 comiti
1010 2253 1044 2314 iu
1077 2259 1220 2316 extremo
1252 2254 1374 2336 posito¹¹
1405 2253 1601 2336 promiserat

294 2341 428 2404 accessit
461 2341 661 2404 confidenter
697 2341 737 2402 ad
768 2344 890 2422 patrem
926 2343 1109 2405 monasterii
1140 2341 1344 2420 Heinricum,
1380 2361 1454 2406 oum
1484 2363 1601 2424 nlagna

295 2429 469 2494 devocione
490 2430 680 2514 supplicans,
701 2435 737 2493 ut
757 2430 798 2493 ad
818 2430 1117 2513 transplantandum
1136 2433 1170 2494 in
1193 2432 1323 2512 dyocesi
1344 2452 1402 2495 sua
1422 2452 1505 2496 nove
1526 2452 1602 2496 con-

294 2521 488 2601 gregationis
514 2539 650 2583 examen
680 2520 804 2602 aliquos
831 2518 870 2583 de
897 2522 1031 2582 fratrum
1058 2541 1188 2584 suorum
1216 2522 1350 2603 collegio
1374 2542 1482 2586 secum
1505 2524 1602 2587 desti-

294 2611 405 2672 aaron.
454 2609 633 2673 Exauditae
661 2610 768 2691 itaque
796 2629 854 2692 pro
881 2629 940 2672 sua
965 2612 1143 2673 reverentia
1163 2612 1343 2695 episcopus,
1372 2632 1445 2675 cum
1473 2617 1601 2696 peracto

293 2699 405 2764 itinere
427 2700 606 2782 Nuenburg
626 2699 758 2776 rediret,
779 2699 961 2762 convocatis
980 2699 1132 2763 iratribus
1153 2701 1220 2763 suis
1241 2703 1403 2764 canonicis
1424 2721 1519 2784 super
1539 2703 1601 2766 hcc

294 2789 392 2853 verbo
419 2790 582 2854 consultos
608 2811 663 2854 eos
683 2789 801 2852 habuit.
844 2787 967 2864 Quibus
987 2790 1181 2852 unanimiter
1200 2790 1473 2854 consentientibus
1494 2791 1601 2855 denuo

293 2899 441 2944 reversus
469 2879 682 2943 Walllenrede
711 2885 888 2954 impetratum
914 2884 1114 2938 monachorum
1139 2891 1306 2940 conventum
1333 2899 1443 2943 seeum
1465 2879 1602 2944 deduxit.

293 2974 325 3032 et
342 2975 372 3030 in
393 2974 551 3031 zmolnensi
573 2969 708 3032 ecclesia
727 2974 897 3029 collocavit
923 2968 1055 3031 Factum
1076 2974 1125 3032 est
1145 2975 1268 3044 autern,
1299 2989 1373 3032 oum
1394 2993 1445 3046 per
1464 2973 1602 3046 aliquod¹¹

292 3081 378 3118 annos
404 3064 444 3118 ibi
471 3059 635 3142 degerent,
662 3077 727 3120 non
753 3063 860 3121 tamen
881 3058 949 3121 sine
978 3059 1067 3140 gravi
1093 3059 1331 3142 perturbatione
1360 3065 1540 3120 barbarorum
1568 3067 1603 3123 et

292 3153 445 3208 vicinarum
475 3150 632 3231 gentium,
660 3167 735 3212 ecoe
764 3147 877 3211 Slavus
908 3147 1038 3228 quidam
1066 3153 1235 3232 prepotens
1262 3153 1294 3211 et
1321 3149 1411 3213 dives
1439 3149 1602 3231 quendam

294 3244 465 3320 cognatum
487 3257 581 3302 suum
603 3238 758 3316 nobilem,
790 3239 845 3318 qui
866 3236 1037 3300 defunctus
1057 3239 1173 3314 iuerat,
1199 3239 1232 3300 iu
1255 3239 1437 3302 Zmolnensi
1463 3239 1603 3302 ecclesia

295 3328 404 3391 invitis
431 3328 583 3391 iratribus
609 3327 771 3410 sepulture
799 3327 937 3390 tradidit.
984 3325 1076 3402 Quod
1102 3347 1176 3390 cum
1203 3327 1308 3390 abbati
1337 3328 1466 3392 domum
1494 3347 1604 3392 rever-

295 3418 373 3482 tenti
394 3419 507 3482 fuisset
531 3419 742 3496 insinuatum,
769 3437 826 3500 pro
855 3436 908 3492 eo,
935 3417 1019 3498 quod
1049 3418 1258 3480 anathematis
1279 3418 1407 3481 vinculo
1428 3418 1604 3481 innodatus

293 3527 361 3572 esse
383 3507 559 3586 ferebatur,
585 3508 721 3570 eiectum
744 3507 783 3569 de
804 3505 967 3570 mausoleo
990 3507 1076 3570 foras
1094 3508 1247 3589 asportari
1269 3507 1370 3569 iussit.
1412 3505 1515 3590 Super
1536 3527 1602 3588 quo

291 3598 375 3661 laeto
401 3597 575 3681 plurimum
602 3596 786 3678 indignatus
815 3595 928 3659 Slavus
956 3602 1116 3679 acceptam
1146 3597 1287 3680 corporis
1308 3596 1433 3678 glebam
1455 3597 1603 3662 concitus

292 3688 400 3751 retulit
424 3688 613 3770 intempeste
640 3686 742 3749 noctis
768 3686 893 3749 silentio
923 3705 979 3769 per
1004 3686 1176 3749 fenestram
1201 3685 1330 3749 initiens
1350 3686 1484 3750 ecclesie
1505 3687 1602 3750 uimi-

293 3796 410 3858 umque
429 3775 622 3840 debachatus
643 3775 803 3854 abbatem,
826 3776 882 3858 qui
901 3776 982 3839 forte
1004 3781 1081 3838 tunc
1102 3775 1251 3854 latuerat,
1278 3776 1411 3839 sollicite
1433 3777 1600 3859 perquirit,

291 3873 327 3930 ut
353 3867 458 3949 ipsum
485 3869 646 3946 tamquam
675 3871 838 3928 auctorem
863 3865 972 3928 effossi
993 3866 1157 3929 cadaveris
1178 3865 1301 3929 crudeli
1322 3867 1600 3930 animadversione

291 3957 432 4039 puniret,
460 3975 517 4019 seu
545 3956 610 4018 vita
636 3957 819 4038 privaturus
848 3956 914 4020 sive
940 3956 1085 4019 mutilato
1115 3955 1222 4036 aliquo
1250 3955 1383 4019 menbro
1405 3957 1599 4020 seminecem

291 4047 468 4110 relicturus.
511 4045 594 4122 Quid
618 4045 732 4129 plura?
773 4045 954 4110 Recedente
975 4051 1112 4125 tyranno
1133 4043 1178 4106 nil
1199 4045 1409 4128 percunctati¹
1444 4045 1541 4108 abbas
1566 4053 1602 4108 et

288 4136 402 4198 iratres
423 4136 606 4218 episcopum
633 4134 752 4198 adeunt
778 4135 940 4216 querelam
962 4155 1052 4198 suam
1074 4133 1159 4217 apud
1181 4153 1255 4198 cum
1276 4135 1486 4219 depositone,
1515 4134 1599 4198 sicut

290 4225 396 4308 sepius
416 4225 521 4289 iacere
542 4229 783 4302 consueverant,
804 4229 913 4307 utpote
935 4225 968 4286 in
990 4224 1096 4287 medio
1118 4225 1256 4288 nationis
1276 4245 1373 4308 prave
1395 4230 1427 4288 et
1449 4243 1599 4307 perverse

290 4315 462 4378 constituti.
505 4314 648 4390 Quorum
671 4315 785 4397 peticio
807 4315 865 4377 hec
887 4319 962 4390 erat
985 4319 1019 4376 ut
1039 4315 1203 4378 remeandi
1225 4315 1265 4378 ad
1284 4316 1444 4398 propriam
1466 4314 1599 4378 domum

289 4404 594 4470 Walkenredensem
617 4406 663 4468 eis
684 4404 843 4468 relaxaret
863 4404 1054 4467 facultatem.
1088 4403 1179 4479 Quod
1203 4405 1333 4486 quidem
1352 4406 1472 4468 invitus
1492 4405 1597 4470 iacere

291 4495 459 4576 acquievit
480 4514 520 4559 ue
541 4496 575 4557 in
597 4494 801 4579 obprobrium
824 4499 856 4557 et
869 4492 1149 4556 subsannationem
1164 4503 1279 4558 cuncto
1291 4500 1469 4559 verteretur
1480 4495 1598 4578 populo

290 4603 346 4666 pro
369 4603 415 4662 eo,
438 4585 523 4666 quod
545 4584 584 4647 ab
607 4585 781 4668 inportuna
800 4583 958 4647 hostiumn
986 4584 1188 4648 intestatione
1210 4586 1293 4649 tueri
1313 4605 1388 4648 suos
1401 4605 1466 4648 non
1481 4592 1596 4670 posset
