3410 5146
633 395 683 456 Nr.
695 397 735 455 61.
757 397 831 454 1205.
1340 397 1375 452 83

88 542 225 610 Romanus
249 547 466 629 pontificibus,
499 549 603 610 ordini
628 555 735 612 restro
756 565 923 610 concessas
943 565 1003 609 neo
1024 565 1088 608 non
1110 551 1141 608 et
1162 545 1324 610 libertates
1345 555 1376 611 ct

88 635 292 718 exemptiones
318 636 509 700 secularium
536 639 740 701 exactionum
769 657 788 699 a
815 635 945 719 regibus
965 641 997 698 et
1015 633 1212 719 principibus
1233 637 1284 700 vel
1306 638 1376 700 aliis

85 725 222 787 fidelibus
241 725 470 789 rationabiliter
491 726 581 790 vobis
602 727 743 790 indultas
758 727 943 789 auctoritate
959 725 1131 809 apostolica
1148 726 1375 790 confirmamus

86 821 110 874 n
129 815 280 896 presentis
301 816 408 899 scripti
430 816 595 899 privilegio
617 817 861 880 communimus.
902 813 1113 878 Decemimus
1134 833 1218 896 ergo,
1240 822 1277 879 ut
1296 817 1376 880 nulli

86 905 202 966 orunino
225 904 387 966 hominum
411 905 504 968 licoat
527 907 684 988 prelatum
711 906 937 968 monasterium
964 910 1082 967 temere
1115 904 1301 988 perturbare
1322 912 1377 969 aut

86 995 143 1054 eins
162 995 380 1076 possessiones
400 996 525 1058 aniene
549 996 596 1057 vel
619 993 740 1058 ablatas
761 996 913 1070 retinere,
938 995 1082 1057 minuere
1104 1013 1161 1057 seu
1184 994 1378 1076 quibuslibet

88 1081 299 1144 rerahonibus
329 1083 476 1165 fatigare,
514 1085 570 1148 sed
603 1085 709 1147 onmia
739 1085 861 1166 integra
895 1089 1125 1146 conserventur
1155 1101 1279 1157 eorum,
1320 1105 1377 1168 pro

86 1191 211 1250 qrrorum
232 1171 462 1254 gubematione
485 1193 521 1236 ao
543 1175 772 1236 sustentatione
794 1193 946 1236 concessa
960 1179 1043 1251 sunt,
1065 1173 1176 1238 usibus
1186 1174 1378 1238 omnimodis

85 1262 238 1342 protutura
260 1261 348 1324 salva
369 1264 453 1325 sedis
474 1263 644 1348 apostolice
666 1263 861 1326 anctoritate.
904 1264 936 1325 Si
964 1281 1028 1344 qua
1054 1264 1152 1346 igitur
1179 1265 1212 1326 in
1233 1263 1377 1328 futurum

84 1349 289 1412 ecclesiastica
319 1351 511 1414 secularisve
540 1371 675 1434 persona
710 1353 791 1415 hano
824 1359 929 1416 nostre
962 1353 1197 1416 constitutionis
1228 1355 1375 1438 paginam

85 1440 178 1501 sciens
199 1447 311 1501 contra
332 1459 402 1502 eam
425 1448 543 1504 temere
564 1443 673 1504 sortire
696 1443 905 1524 temptaverit
927 1443 1068 1505 secundo
1090 1443 1223 1505 tertiove
1240 1463 1379 1506 commo-

84 1529 211 1590 nitanisi
225 1534 347 1591 reatum
369 1549 463 1592 suum
484 1549 622 1614 congrua
646 1532 860 1596 satisfactione
882 1533 1071 1612 correxerit,
1099 1533 1260 1616 potestatis
1281 1532 1380 1595 hono-

85 1618 181 1698 risque
202 1618 252 1680 sni
272 1617 423 1702 dignitate
446 1627 551 1682 careat
572 1641 723 1704 reamque
746 1641 779 1684 se
802 1621 910 1685 divino
928 1623 1047 1688 iudicio
1062 1623 1199 1686 existere
1215 1622 1255 1685 de
1269 1641 1380 1706 perpe·

83 1715 155 1770 trata
175 1709 342 1790 iniquitate
365 1715 536 1792 cognoseat
562 1717 593 1774 et
621 1731 639 1773 a
660 1711 873 1774 sacratissimo
895 1731 1026 1794 corpore
1048 1719 1079 1775 et
1100 1712 1255 1794 sanguine
1276 1709 1380 1773 dciet

83 1797 196 1860 loanni
225 1798 434 1881 redemptoris
463 1801 563 1864 nostri
588 1800 690 1864 Jhesu
717 1801 833 1866 Christi
859 1801 963 1865 aliena
988 1801 1046 1864 lint
1067 1807 1161 1882 atque
1182 1801 1217 1864 in
1236 1805 1380 1864 esberno

81 1888 221 1950 oramine
254 1888 395 1952 ‹listrictc
426 1888 541 1952 ultioni
573 1889 742 1954 subiaceat
796 1889 926 1954 Cunctis
958 1899 1063 1953 autern
1095 1889 1198 1954 eidem
1227 1889 1298 1952 loco
1324 1907 1382 1952 sua

82 1977 143 2038 iura
172 1977 373 2040 servantibus
399 1979 440 2041 sit
466 1998 528 2061 pax
556 1979 675 2041 domini
701 1981 800 2042 nostri
828 1980 929 2042 Jlresn
952 1979 1080 2056 Chusa,
1108 1980 1258 2061 quatinus
1279 1985 1311 2042 et
1331 1979 1383 2041 hic

81 2065 212 2128 inlatum
241 2067 324 2130 bone
350 2068 484 2130 actionis
512 2070 688 2152 percipiant
715 2076 748 2132 et
774 2069 857 2152 apud
890 2069 1068 2132 districtum
1095 2069 1235 2130 iudicem
1262 2069 1383 2151 premia

82 2165 184 2218 eterne
205 2157 292 2240 pacis
313 2159 486 2220 inveniant.
530 2159 642 2222 Amen.
685 2161 799 2221 Amen.

116 2267 168 2350 (O.
183 2267 234 2340 Ρ.)
275 2271 344 2354 Ego
365 2271 572 2336 Innocentius
594 2275 748 2340 natholiae
770 2275 904 2338 ecclesie
927 2275 1094 2358 episeopus
1115 2299 1155 2338 ss.
1196 2271 1278 2350 (M.)
1296 2320 1322 2335 «.

84 2386 118 2450 Ia
138 2391 195 2452 der
219 2390 328 2454 mim:

155 2489 269 2573 'sllgo
290 2489 405 2554 Petrus
431 2491 612 2556 l’ortuensis
634 2499 665 2557 ot
686 2499 793 2558 sancte
815 2493 932 2558 Ruiine
955 2493 1122 2578 episcopus
1144 2515 1183 2556 ss

156 2581 180 2652 l·
200 2577 269 2662 Ego
290 2581 448 2644 Iohannes
471 2581 655 2646 Sabiuensis
679 2585 847 2668 episcopus
868 2607 908 2647 ss.

157 2671 181 2748 †
203 2671 271 2754 Ego
293 2671 467 2738 Nioholaus
487 2671 687 2736 Trrscnlanus
710 2675 880 2756 episcopus
902 2697 941 2738 ss.

84 2775 180 2840 hints
198 2778 257 2858 sair
276 2777 337 2840 den
359 2775 555 2840 Besebauer:

156 2877 269 2961 †Ego
291 2877 405 2940 Petrns
427 2879 509 2940 tituli
532 2887 639 2942 sancte
662 2881 778 2943 Oeoilie
800 2881 957 2963 presbiter
977 2880 1148 2964 cardinalis
1170 2899 1209 2943 ss.

156 2967 269 3082 †Ego
287 2967 396 3072 'Guido
418 2969 574 3051 presbiter
594 2969 765 3032 cardinalis
785 2977 892 3032 sancte
914 2969 1013 3032 lilarie
1035 2975 1122 3032 trans
1141 2967 1278 3032 'liberius
1297 2969 1380 3034 tituli

157 3057 454 3229 †E{dhldlrddnes
486 3148 567 3210 tituli
601 3150 700 3212 sancti
727 3148 877 3231 Stephani
905 3151 939 3212 in
968 3149 1055 3214 Celio
1088 3155 1194 3213 monte
1226 3149 1383 3232 presbiter

158 3235 467 3476 illatlgllllillllli
496 3327 577 3388 tituli
600 3328 700 3390 sancti
723 3327 884 3390 Laurentii
908 3329 940 3390 in
963 3327 1083 3391 Lucina
1105 3325 1260 3410 presbiter
1280 3327 1382 3390 cardi-

227 3434 292 3476 nar
347 3435 370 3477 s.

85 3507 206 3573 Ram:
295 3435 346 3478 ss
496 3583 498 3589 Ι
1216 3578 1219 3588 Ι
1317 3596 1320 3602 1

160 3611 182 3688 †
204 3611 270 3695 ligo
283 3613 465 3714 'Gregorius
487 3615 588 3676 sancti
610 3615 739 3696 Georgii
761 3615 799 3676 ad
824 3614 929 3678 velum
951 3635 1084 3678 arrr‘eum
1106 3615 1259 3680 diaconus
1280 3615 1382 3679 cardi·

160 3701 509 3874 †R1gbhlld}omuoh
530 3791 695 3856 Eustachii
716 3793 869 3855 diaconus
890 3794 1060 3856 cardinalis
1080 3813 1119 3857 ss.

161 3879 406 3984 ragnoardo
432 3881 534 3944 sancti
559 3881 706 3944 Nicholai
733 3884 765 3944 in
794 3903 921 3946 carcere
941 3883 1086 3946 Tulliano
1107 3883 1261 3948 diaconus
1278 3883 1382 3947 cardi-

161 3969 394 4140 †Epp1p=}vspla
416 4067 523 4123 sancte
545 4061 645 4126 Marie
666 4063 700 4124 in
721 4064 846 4146 porticu
866 4063 1019 4126 diaconus
1040 4063 1211 4126 cardinalis
1232 4083 1272 4126 ss.

83 4169 196 4236 Datrrm
229 4173 330 4238 Rome
369 4175 452 4258 apud
489 4183 635 4240 sanctum
666 4175 797 4240 Petrum
835 4196 892 4260 per
922 4195 1053 4240 manum
1084 4177 1236 4240 iohannis
1275 4181 1382 4239 sancta

83 4259 179 4325 llario
203 4264 236 4325 in
264 4261 435 4327 Cosmedio
457 4265 583 4328 diaconi
604 4265 788 4344 cardinalis,
809 4273 917 4330 sancte
940 4265 1082 4329 Romane
1104 4266 1237 4331 ecclesie
1258 4264 1383 4328 cancel-

84 4351 165 4428 larii,
184 4361 224 4416 ΙΙΙ
245 4353 399 4434 kalendas
419 4353 512 4434 Maii,
539 4355 712 4430 indictione
734 4365 828 4434 VIIP,
858 4356 1087 4420 incarnationis
1113 4356 1271 4418 dominice
1298 4373 1381 4418 anno

85 4445 272 4523 lt⁰oe⁰t⁰⁶,
291 4443 498 4526 pontificatus
519 4463 595 4508 vero
617 4445 723 4507 ‹lonrni
746 4445 924 4508 Innocentii
948 4465 1026 4527 pape
1047 4455 1087 4510 111
1108 4465 1191 4508 anno
1213 4443 1324 4506 nono.2
1351 4489 1356 4502 .

170 4603 173 4612 ·
199 4563 266 4630 Der
289 4565 381 4632 Orbis
399 4567 605 4650 pontificalis·
627 4569 682 4630 bat
701 4568 851 4632 orosam
871 4569 931 4632 den
949 4567 1059 4633 'beiden
1082 4567 1289 4632 mesenate
1312 4565 1382 4632 Uor-

1144 4678 1181 4733 g·
