3506 5148
653 402 703 458 Νι,
715 401 862 456 sla-517.
884 402 960 460 1324.
1179 456 1181 460 .
1411 407 1461 462 477

235 557 302 622 Nos
329 556 507 620 Fridericus
534 559 564 620 et
588 555 769 620 Gerhardus
797 555 907 620 fratres
934 557 983 620 dei
1010 558 1116 639 gracia
1143 559 1273 622 comites
1301 558 1339 623 de
1369 559 1462 623 Bich·

156 650 263 732 lingon
285 647 542 731 recognoscimus
564 653 672 710 tenore
692 648 889 730 presencium
911 647 1097 728 litterarum,
1119 647 1203 731 quod
1221 650 1356 732 quedam
1372 649 1463 726 bona,

157 740 300 804 videlicet
322 757 470 800 mansum
492 741 523 800 et
544 736 711 800 dimidium
731 757 805 800 oum
827 739 915 800 curia
938 740 1099 817 attinente,
1125 741 1186 802 sita
1206 741 1239 802 in
1264 740 1338 802 villa
1359 737 1463 803 Dobe-

155 831 294 908 lrewitz·,
316 847 378 912 que
400 826 482 890 bona
496 827 654 890 Iohannes
674 827 760 890 filius
780 827 888 891 Sitridi
906 827 1065 911 Sagittarii
1087 832 1255 894 castrensis
1277 831 1310 892 in
1323 829 1462 894 Sconen-

156 920 234 1000 berg
263 919 345 982 ultra
372 917 477 982 Salam
508 938 527 980 a
558 916 649 980 nobis
683 918 715 980 in
749 917 843 980 feudo
874 917 985 982 habuit
1014 919 1208 1002 temporibus
1240 919 1401 1004 aliquibus
1432 925 1463 984 et

155 1031 219 1095 que
240 1029 326 1074 nunc
347 1006 574 1070 Wiclrelrindoh
598 1007 636 1070 de
655 1006 815 1070 Thalheim
842 1012 873 1070 et
900 1009 968 1071 suis
999 1009 1148 1073 iratribus
1169 1011 1201 1072 in
1223 1030 1460 1093 recompensam

156 1121 287 1167 snorum
310 1100 516 1164 serviciorum
538 1097 734 1161 contulimus
754 1097 859 1160 tittulo
880 1098 956 1162 iusti
976 1099 1077 1176 leudi,
1101 1100 1139 1162 ad
1161 1101 1349 1183 peticionem
1371 1101 1461 1164 etad

156 1193 339 1275 diligentem
371 1189 558 1252 instanciam
592 1188 653 1250 iarn
688 1187 761 1249 dieti
793 1185 1008 1251 Wiclrilrindi⁰
1041 1193 1072 1252 et
1104 1209 1236 1253 suorum
1267 1191 1400 1254 fratrum
1432 1197 1463 1254 et

155 1280 368 1366 principaliter
393 1278 433 1341 ob
461 1279 673 1341 reverenciam
699 1276 788 1340 beate
812 1277 943 1358 virginis
963 1280 1092 1342 domino
1113 1280 1217 1344 abbati
1239 1287 1270 1344 et
1290 1284 1462 1344 conventui

154 1375 188 1436 in
211 1372 306 1435 Porta
334 1371 480 1434 dedimus
506 1375 537 1432 et
564 1368 752 1432 tradidimus
780 1374 810 1431 et
838 1369 1038 1452 presentibus
1059 1371 1173 1434 damus
1198 1377 1229 1435 et
1249 1372 1404 1436 tradimus
1424 1373 1462 1436 de

155 1463 239 1526 bona
267 1462 429 1525 voluntate
458 1480 530 1523 cunr
560 1458 710 1522 omnibns
736 1459 803 1521 suis
824 1460 1043 1542 pertinenciis,
1069 1481 1142 1525 curn
1167 1463 1254 1525 omni
1277 1463 1410 1527 utilitate
1432 1468 1463 1527 et

157 1553 327 1618 usufructu
352 1553 421 1616 iure
442 1550 639 1634 proprietatis
660 1555 810 1631 perpetuo
830 1550 1031 1630 possidenda,
1052 1550 1316 1616 abrenunciantes
1337 1572 1464 1636 presen-

156 1645 242 1708 tibus
263 1643 350 1705 omni
371 1643 443 1720 iuri,
466 1640 550 1723 qnod
573 1639 665 1703 nobis
687 1643 792 1722 posset
812 1645 987 1722 competere
1009 1640 1100 1704 bonis
1122 1642 1269 1724 deinceps
1286 1644 1317 1705 in
1334 1642 1462 1706 eisdem.

153 1737 190 1798 ln
214 1735 307 1797 cuius
328 1734 373 1796 rei
394 1733 610 1795 testimonium
634 1735 740 1793 nostra
762 1729 865 1810 sigilla
886 1731 1085 1813 presentibus
1110 1738 1185 1795 sunt
1208 1751 1355 1815 appensa.
1397 1731 1461 1795 Da-

155 1831 224 1889 tum
246 1827 278 1886 et
295 1827 400 1886 actum
422 1841 506 1884 anno
528 1821 647 1883 domini
668 1823 989 1897 u⁰ccc⁰xri1111,in
1012 1822 1062 1885 die
1082 1822 1163 1887 beati
1184 1822 1326 1905 Gregorii
1347 1842 1434 1906 pape.

225 1949 377 2004 ¹¹doltnicz
396 1947 425 2002 D
495 1937 657 2000 bWitlrind
678 1945 706 1998 D
776 1944 932 1999 θ11111111(Ιί
953 1946 983 1999 D

684 2101 936 2110 Ι.-..------.-.

154 2145 268 2229 1324.
296 2145 493 2230 1111112.
1376 2143 1460 2226 517.

108 2345 111 2350 .
235 2279 298 2344 Die
312 2281 581 2362 BratderLadolf,
604 2281 758 2346 Heinrich
770 2283 840 2346 arrad
847 2281 1010 2346 Jonaaaae
1032 2301 1089 2344 oon
1106 2280 1280 2358 (lleissberp
1301 2279 1462 2344 beluaden

193 2374 244 2436 die
270 2371 405 2454 pitilicbc
435 2371 611 2452 Bellepanp
642 2372 726 2434 eines
756 2370 882 2434 Strcr'tcs
912 2371 969 2434 mit
998 2372 1067 2435 dem
1097 2371 1225 2436 Kloster
1253 2369 1361 2452 Psortc
1388 2370 1464 2433 iiber

193 2463 294 2542 cinips
315 2461 434 2525 dacter
453 2480 495 2526 aa
517 2461 729 2542 Porslendors.
780 2462 843 2544 Vol.
864 2461 925 2530 Nr.
941 2466 1012 2528 518.

305 2580 437 2634 Hdsoba:
458 2580 483 2633 Τ
490 2584 551 2634 210.

303 2673 415 2728 Dracr:
433 2673 568 2726 Drutscb:
593 2671 678 2740 Wolff
693 2673 734 2740 ΙΙ,
754 2677 815 2732 412.

234 2789 400 2853 Universis
421 2787 537 2854 Christi
560 2789 708 2852 fidelibus
731 2795 908 2870 presentem
930 2791 1066 2854 litteram
1088 2790 1287 2872 inspecturis
1323 2786 1388 2851 Nos
1401 2786 1462 2850 Lu-

149 2879 262 2958 tolt'us,
289 2877 462 2941 Heinricus
488 2884 518 2942 et
544 2878 702 2943 Iohannes
728 2879 840 2942 fratres
867 2881 941 2942 dicti
969 2881 1007 2943 de
1035 2880 1197 2960 Gleisberg
1227 2880 1376 2962 cupimus
1396 2878 1462 2941 fore
1577 2941 1583 2950 ,

150 2975 281 3046 nomm,
308 2969 406 3051 qnod,
434 2987 508 3032 cum
536 2988 595 3031 nos
622 2968 769 3032 domino*
791 2967 894 3033 abbati
917 2976 948 3033 et
969 2971 1140 3034 conventui
1161 2971 1195 3032 in
1217 2968 1311 3032 Porta
1332 2987 1460 3031 causam

149 3078 355 3123 moveremus
383 3077 479 3138 super
507 3059 699 3142 quibusdam
721 3060 804 3141 agris
825 3061 894 3123 sitis
916 3062 950 3122 in
972 3081 1082 3142 campo
1102 3061 1236 3142 grangis,
1257 3057 1462 3135 Borsindorff,

149 3149 300 3212 videlicet
324 3149 356 3211 in
387 3147 574 3227 llitelowel,
600 3169 679 3232 quos
705 3155 847 3213 emerant
874 3149 913 3213 ab
934 3150 1086 3214 Heinrico
1109 3151 1148 3213 de
1170 3148 1402 3227 Golamestorff,
1426 3149 1459 3210 in

149 3238 273 3320 quibus
292 3237 384 3301 nobis
405 3238 526 3321 aliquid
553 3238 634 3302 iuris
662 3243 827 3322 conpetere
849 3242 1045 3316 censuimus,
1073 3240 1154 3303 idern
1184 3239 1334 3302 dominus
1363 3237 1460 3302 abbas

148 3328 301 3412 periculis
327 3328 445 3392 intruis
471 3329 604 3412 cupiens
629 3327 757 3392 obviare
783 3334 815 3392 et
842 3349 900 3392 nos
928 3329 967 3393 ab
995 3331 1092 3394 huius
1115 3329 1200 3393 modi
1219 3329 1460 3411 interruptionis

148 3419 287 3500 strepitu
315 3437 502 3499 conpescere
524 3417 720 3482 amicabilem
748 3419 996 3500 conpositionem
1019 3419 1184 3483 nobiscum
1205 3420 1288 3496 iniit,
1315 3417 1374 3482 sub
1402 3418 1461 3480 hac

147 3511 254 3574 forma
276 3507 427 3587 videlicet,
449 3508 534 3590 quod
555 3508 594 3573 de
615 3519 696 3572 11110‘
718 3509 833 3572 marcis
854 3508 1091 3591 Henbergensis
1116 3511 1238 3590 argenti
1266 3527 1324 3572 nos
1345 3508 1377 3571 in
1402 3507 1460 3570 Er-

148 3598 252 3663 fordia
273 3598 435 3681 quitavitr,
457 3597 576 3681 quibus
597 3616 656 3662 nos
677 3617 696 3660 a
716 3596 823 3662 Iudeis
844 3597 1051 3678 absolvimus,
1072 3620 1090 3663 a
1111 3599 1229 3682 quibus
1250 3599 1319 3662 sine
1340 3603 1461 3661 nostra·

147 3708 224 3754 rum
253 3687 438 3752 facultatum
463 3688 627 3770 dispendio
654 3686 775 3750 absolvi
798 3689 931 3750 minime
952 3692 1142 3770 poteramus.
1184 3688 1251 3752 Nos
1266 3690 1371 3772 ‘igitur
1390 3690 1460 3751 istis

147 3779 288 3861 aliisque
322 3777 484 3841 beneficiis
522 3778 623 3860 ipsius
658 3778 817 3860 condigna
853 3778 1071 3842 vicissitudine
1102 3779 1242 3844 volentes
1271 3779 1461 3862 respondere

151 3868 320 3953 [predictos
346 3867 544 3949 religiosos]‘²
574 3867 614 3931 ab
644 3868 741 3932 huius
772 3869 858 3932 modi
885 3869 1132 3952 inpeticionibus
1153 3869 1375 3950 absolvimus⁸,
1407 3869 1461 3932 ab·

149 3959 377 4024 renunciantes
404 3957 521 4023 nichilo
544 3959 652 4022 minus
673 3958 823 4023 omnibns
844 3958 979 4036 iuribus,
1001 3960 1114 4026 usibus
1136 3965 1166 4025 et
1182 3960 1348 4044 'obsequiis
1368 3960 1460 4040 feodi,

148 4049 244 4113 fundi
265 4069 302 4112 ac
322 4048 500 4131 superficiei
520 4067 578 4112 seu
599 4050 692 4112 etiam
717 4050 926 4132 proprietatis,
949 4070 1013 4132 que
1034 4051 1125 4114 nobis
1145 4053 1178 4114 in
1200 4050 1347 4133 predictis
1370 4050 1460 4114 bonis

147 4138 361 4222 conpetebant
381 4158 437 4202 seu
458 4143 587 4222 possent
608 4144 773 4221 conpetere
793 4141 828 4203 iu
848 4140 1007 4220 futurum,
1036 4141 1177 4205 volentes
1202 4141 1358 4220 predictos
1389 4140 1460 4203 reli-

147 4231 259 4312 giosos
280 4230 456 4293 secundum
479 4237 563 4310 terre
586 4229 850 4294 consuetudinem
872 4250 928 4313 pro
950 4232 1067 4295 nostris
1085 4230 1293 4295 coheredibus
1310 4229 1461 4293 omnibus

148 4318 365 4402 gwaraodare.
406 4318 447 4382 Et
474 4320 551 4401 qnia
576 4319 735 4382 Iohannes
763 4339 936 4401 germanus
963 4325 1070 4384 noster
1094 4323 1203 4384 iunior
1227 4319 1366 4403 sigillum
1396 4339 1459 4383 non

150 4409 274 4484 habet,¹
302 4429 356 4492 pro
384 4410 452 4492 ipso
479 4409 540 4473 sub
568 4414 749 4473 nostrorum
778 4410 954 4492 sigillorum
981 4412 1173 4494 appensione
1195 4409 1344 4475 volumus
1364 4429 1461 4493 super

151 4500 215 4565 hiis
241 4498 391 4563 omnibus
419 4499 560 4583 obligari.
608 4499 645 4563 In
674 4501 768 4564 cuius
796 4501 842 4564 rei
869 4501 1087 4564 testimouium
1115 4507 1291 4585 presentem
1323 4500 1459 4564 litteram

150 4589 299 4654 dedimus
328 4594 510 4655 nostrorum
542 4590 717 4674 sigillorum
751 4589 862 4656 robore
892 4591 1025 4654 tirmiter
1061 4593 1287 4676 conmgnatam.
1340 4588 1460 4656 Datum
