3400 5148
564 412 774 469 Nolle-114.
796 414 870 467 1239.
950 413 992 454 -’
1321 413 1370 466 lca

89 563 179 684 llll.
206 562 368 662 August
395 563 430 646 7.
459 562 730 661 Ncueuburg.
1287 561 1368 643 uu.

151 721 321 802 laoderus
345 720 496 784 Heinricb
526 741 585 784 corr
620 719 799 802 Tbiirioayuc
828 721 968 800 ceuceu
995 719 1045 782 ob
1075 719 1247 784 [uremur
1267 673 1370 784 'arser

91 853 95 862 ·
122 811 341 889 Vercicbt-uuf
363 811 430 876 sci-u
451 810 589 874 Asea-eoo
616 809 666 874 dia
690 809 916 890 Ucbcrlussuuy
944 829 1002 874 uolo
1025 814 1069 874 89
1090 807 1223 889 Morcus
1246 807 1369 874 Buscb*

115 899 394 1072 maculamur
413 899 512 964 durch
533 899 686 964 ilenrico
705 919 764 964 ocu
785 898 912 964 Houor
932 899 1000 964 uiui
1019 899 1102 963 seura
1122 897 1225 964 Erbeu
1246 919 1290 962 uu
1311 898 1370 962 dus

216 1129 347 1184 Hdacbm
367 1120 457 1184 D27b
475 1131 528 1198 (tit.
548 1129 714 1200 Gernstete).
738 1129 835 1186 1⁹:298.

214 1236 325 1291 croc.-
339 1236 471 1316 mauce.-
491 1235 628 1305 nuffar,
646 1241 688 1291 sa.
725 1237 778 1306 uu.
796 1237 911 1292 umiae
923 1237 946 1302 1,
960 1241 1000 1291 ar.
1027 1231 1370 1304 mammatae,

146 1363 316 1428 Heinricus
343 1364 393 1428 dei
419 1365 520 1446 gratia
544 1363 715 1446 Thuringie
744 1362 953 1446 lantgravius,
985 1361 1123 1428 Saxonis
1151 1381 1258 1426 comes
1283 1361 1368 1446 pala

17 1437 27 1460 '
81 1453 166 1524 doru,
202 1453 352 1516 omnibus
388 1453 448 1516 hoo
482 1454 634 1537 scriptum
668 1453 785 1516 visuris
819 1453 1062 1536 imperpetuum.
1113 1452 1162 1516 Ne
1191 1470 1242 1515 res
1273 1449 1368 1534 digne

80 1545 217 1607 memoria
241 1563 299 1627 per
324 1545 559 1608 successionem
580 1549 759 1626 temporum
780 1542 949 1606 oblivionis
970 1543 1101 1606 cecitate
1122 1541 1206 1626 apud
1227 1545 1370 1626 posteros

80 1632 190 1696 valeant
210 1633 386 1700 obfuscari.
406 1635 556 1697 convenit
575 1653 628 1696 eas
649 1633 773 1716 scriptis
791 1639 823 1696 et
845 1632 990 1697 fidelium
1011 1633 1199 1696 testimoniis
1222 1632 1369 1696 sternari.

80 1723 121 1784 ld
148 1724 295 1788 noticiam
326 1723 456 1806 proinde
483 1731 547 1788 tum
574 1724 768 1806 presentium
796 1743 890 1803 otram
918 1724 1098 1786 futurorum
1126 1721 1273 1786 volumus
1298 1741 1368 1803 per·

79 1815 180 1887 tenire,
202 1813 287 1896 quod
312 1813 483 1878 Helorinus
509 1813 589 1877 bone
612 1815 762 1877 memorie
792 1815 898 1876 senior
920 1812 1240 1880 deHcsele1·e.cum
1264 1811 1368 1875 adbuc

77 1903 116 1964 sui
145 1904 221 1968 iuris
246 1911 330 1968 esset
358 1923 413 1986 per
439 1906 546 1967 omma
566 1909 598 1968 et
618 1923 725 1967 rerum
747 1923 878 1966 suarum
900 1903 1081 1966 liberrimus
1104 1901 1282 1976 ordinator,
1303 1919 1368 1964 uua

77 2010 138 2054 crim
167 1993 339 2058 heredibus
372 1995 451 2060 suis.
484 1994 586 2057 tribus
617 1993 767 2057 videlicet
798 1993 873 2056 tiliis
908 1992 1060 2056 Heinrico
1093 1997 1125 2055 et
1153 1991 1305 2056 Heinrico
1337 1995 1368 2053 et

76 2079 265 2151 Theoderico.
283 2103 342 2146 occ
364 2103 426 2146 non
449 2090 480 2148 ct
499 2082 568 2146 filio
589 2085 695 2146 fratris
717 2083 765 2146 sui
778 2082 929 2146 Heimieo
952 2083 991 2144 de
1012 2080 1226 2145 Hartisleibon
1249 2087 1281 2143 ct
1302 2079 1368 2142 siris

76 2170 233 2237 heredibus
273 2173 407 2236 contulit
447 2174 580 2236 ecclesie
616 2173 761 2236 Porteusi
800 2192 857 2255 pro
897 2171 1035 2235 reuredio
1074 2171 1272 2240 ultimarum,
1310 2189 1367 2233 suc

76 2261 210 2327 uidelicet
228 2269 263 2326 et
288 2281 433 2340 suorum
464 2273 594 2326 [ΚΝ
625 2263 735 2344 iugera
762 2262 801 2326 dc
830 2262 974 2324 frutectis
995 2261 1027 2324 in
1051 2280 1114 2324 uno
1137 2259 1205 2324 loco
1227 2261 1367 2340 itemquo

76 2358 145 2415 lllll
172 2354 282 2436 iugera
309 2353 343 2414 in
369 2353 513 2416 terminis
533 2352 679 2416 Hesilere
706 2354 812 2416 omitia
841 2353 915 2421 sita,
944 2371 1005 2432 que
1036 2350 1119 2414 bona
1148 2347 1278 2413 anobis
1298 2349 1367 2414 iure

76 2443 269 2520 possederant
294 2443 410 2508 feodali
438 2449 469 2506 et
497 2463 554 2506 uos
580 2443 691 2506 eadem
715 2442 797 2506 boire
818 2442 930 2506 eodem
952 2443 1019 2505 iure
1043 2441 1082 2504 ab
1104 2441 1238 2505 ecclesio
1259 2440 1367 2504 Nueo·

76 2528 212 2613 burgensi
243 2532 449 2615 possidemus.
493 2533 539 2595 Ne
569 2541 674 2596 autem
704 2533 844 2614 ipsorum
874 2532 1026 2596 heredum
1054 2531 1137 2593 boum
1168 2529 1313 2594 uoluntas
1334 2530 1366 2594 iu

74 2617 223 2701 aliquibus
250 2623 282 2684 iu
312 2627 471 2705 posterum
496 2622 598 2686 valeat
622 2621 784 2704 impediri.
806 2621 957 2702 quicquid
979 2621 1058 2684 iuris
1079 2622 1111 2682 iu
1134 2620 1254 2684 eisdem
1276 2619 1368 2682 bouis

75 2709 215 2776 hacteuus
242 2712 424 2778 babuimus.
453 2719 624 2776 memorate
653 2710 785 2776 ecclesie
810 2711 953 2774 Portensi
979 2709 1079 2774 libera
1101 2710 1271 2774 donatione
1293 2729 1367 2772 cou-

76 2799 197 2864 lcrimus
232 2809 264 2864 et
297 2800 392 2884 sigilli
424 2803 522 2866 nocui
558 2803 735 2866 munimine
766 2809 906 2865 nostram
938 2801 1141 2864 (lunationem
1172 2799 1367 2864 roboramus.

74 2889 144 2951 Acta
193 2897 268 2954 sunt
320 2892 377 2955 heo
424 2892 455 2953 iu
507 2891 597 2955 Novo
649 2900 752 2955 cestro
802 2910 885 2954 anno
933 2891 1090 2954 dominice
1140 2889 1368 2952 irrcarnutiouis

74 2979 471 3050 l1⁰cc⁰xxx01x⁰.v11⁰
505 2981 576 3044 idus
604 2981 741 3064 Augusti
776 2986 921 3063 presente
954 2980 1068 3046 comite
1096 2979 1289 3042 Theoderico
1327 2977 1365 3042 dc

74 3064 181 3137 llerlra.
207 3070 323 3134 comite
344 3069 505 3134 Friderico
528 3071 566 3134 de
588 3071 805 3152 Bicbiliugeu,
835 3071 949 3132 comite
976 3068 1159 3132 Hermanno
1190 3068 1228 3130 de
1262 3067 1366 3129 liaus-

73 3157 143 3230 uelt,
178 3161 292 3222 comite
330 3159 444 3224 Ottoue
485 3160 523 3224 de
562 3161 663 3226 Buob.
697 3159 957 3222 ministerialibus
990 3157 1124 3236 llortogo
1155 3157 1296 3239 dapifero
1327 3157 1365 3219 dc

71 3245 226 3328 Slatbeim,
246 3249 407 3314 Friderioo
421 3250 460 3313 de
469 3249 648 3318 Driuordiu.
662 3250 872 3314 Cirrtemundo
884 3249 922 3312 de
935 3247 1203 3312 blundersbuscm.
1214 3246 1366 3309 Heimioo

71 3335 104 3399 dc
127 3335 322 3407 Driuordia·.
343 3339 495 3403 Heiurico
518 3339 658 3411 Oreuizl,
684 3339 854 3403 Ludewioo
876 3339 915 3401 de
935 3338 1063 3416 Huseu,
1085 3336 1209 3400 clericis
1227 3334 1365 3398 Rudolio

71 3429 218 3510 preposito
242 3428 514 3513 Merseburgensi,
546 3430 710 3494 (liunberto
737 3430 890 3506 carronico
922 3425 1183 3508 Nuonburgeusi,
1213 3425 1365 3488 Heinrico

71 3519 267 3596 parrochiano
297 3519 337 3583 dc
362 3519 653 3602 Thungesbruchen
677 3525 708 3584 et
729 3519 799 3582 aliis
821 3534 917 3600 quum
938 3517 1091 3600 pluribus.

133 3660 281 3718 'drinord'
304 3661 332 3716 D
367 3661 496 3720 driuorde
519 3663 543 3716 Τ
592 3653 712 3734 bgas-itu
736 3660 759 3715 Τ

623 3759 823 3768 —n--a--n-

72 3837 176 3922 1239.
199 3841 387 3928 llktober
413 3843 447 3924 1.
1282 3835 1365 3918 lll.

153 3977 271 4041 leuiter
305 3999 364 4040 ocu
393 3977 566 4058 Glcr'ssbcru
601 3979 756 4058 ubo-uuor
780 3979 848 4040 <loru
878 3977 1002 4042 Klostcr
1029 3977 1136 4056 Pt'ortc
1162 3976 1228 4054 aus
1251 3975 1367 4039 (ira-ud

104 4066 156 4128 clas
188 4067 354 4132 cluuselbcu
379 4067 569 4132 uerlicbcueu
598 4066 723 4132 Rectius
749 4067 917 4148 Reidcsqut
942 4088 982 4132 eu
1008 4067 1159 4130 arroarbeu
1189 4066 1256 4128 eicie
1284 4064 1367 4127 Iuscl

104 4157 172 4219 und
207 4159 274 4221 eiua
303 4156 414 4220 Mulie
450 4163 543 4222 uider
570 4155 740 4238 Boosoura
777 4157 857 4221 trodo
888 4155 1093 4238 Rcsiyuutioo
1134 4153 1278 4219 ll'cruers
1307 4175 1366 4217 ooo

103 4244 227 4327 Biiryal.

212 4387 342 4441 Hdscbrs
360 4377 451 4441 Dthb
468 4388 519 4453 (tit.
541 4386 725 4456 Bolsendo'rl).
748 4387 772 4440 Τ
787 4390 843 4440 213.

213 4491 326 4547 Druck:
345 4491 479 4548 Darem.-
503 4493 641 4562 WolffIL
660 4497 701 4552 32.

142 4611 211 4696 Ego
232 4615 413 4682 Waltberus
445 4635 525 4699 puer
553 4617 592 4685 de
620 4615 769 4699 Glizberg
799 4618 957 4682 universis
987 4615 1102 4680 Christi
1125 4613 1276 4680 fidelibus
1307 4616 1365 4680 boc
