3390 5148
315 405 368 462 218
685 410 916 468 Urlruudenbuch
934 413 982 468 des
999 413 1127 470 Klosters
1145 414 1247 470 Plorte

315 576 387 618 mus
403 561 602 624 communiri.
643 563 711 627 Nos
732 555 807 628 ve'ro
828 565 1041 630 Theodericus
1063 567 1114 631 dei
1135 567 1237 650 gratia
1254 569 1444 651 prepositus,
1466 567 1604 632 Albortus

315 647 402 728 prior
427 653 592 733 totumque
618 653 792 737 capitulum
814 658 915 720 sancti
936 657 1078 720 Mauritii
1097 659 1129 720 iu
1150 657 1341 740 Nueuburg,
1371 661 1522 740 quoniam
1543 679 1604 722 con·

315 737 473 801 cambium
502 760 598 824 supra
626 744 745 807 dictum
772 746 811 810 (16
837 747 921 828 agris
945 747 1078 811 ecclesie
1105 753 1211 811 nostre
1243 754 1275 811 61
1304 747 1469 812 Portensis
1500 749 1606 812 utiliter

315 826 433 889 lactum
464 830 709 913 approbavimus
737 839 769 898 61
800 835 1027 918 approbamuS,
1060 839 1199 919 presenti
1228 838 1345 920 scripto
1377 838 1481 920 sigilla
1512 845 1606 901 nostra
1681 895 1682 926 ,

316 915 469 981 duximus
490 923 687 1004 apponenda.
729 927 811 988 Acta
831 931 906 988 sunt
927 925 985 988 bec
1006 945 1090 990 anno
1111 927 1210 1008 gratie
1231 935 1481 992 M⁰oo⁰nxv1n
1510 929 1607 992 Testes

316 1011 391 1068 sunt
413 1008 619 1074 Burcbardus
647 1033 747 1078 senex
777 1020 809 1078 et
834 1015 895 1078 filii
930 1017 979 1078 sui
1006 1015 1194 1094 Oristianus,
1226 1016 1405 1094 Comedus,
1439 1017 1607 1082 Fridericus

314 1105 525 1178 cognomento
554 1100 731 1184 Imperator
760 1111 791 1167 et
815 1105 875 1167 filii
902 1106 951 1168 sui
973 1104 1169 1184 Gerhardus,
1191 1105 1370 1182 conradus,
1389 1107 1607 1175 Theodericus:

315 1185 491 1252 Oristianus
513 1189 642 1274 Longus
663 1198 695 1255 et
713 1193 773 1257 filii
795 1195 843 1256 sui
867 1193 1032 1258 Oonradus
1055 1201 1087 1259 et
1105 1195 1277 1272 Iohannem
1304 1197 1415 1261 Bruuo
1436 1197 1548 1261 attilii
1568 1199 1608 1259 sui

316 1276 497 1351 Conradus,
529 1281 748 1360 Hermannus3
786 1283 967 1347 E'ridcn'cus
992 1291 1203 1366 cognomento
1230 1285 1476 1355 Wiscberanen:
1516 1287 1609 1350 Elle-

317 1365 434 1430 bardus
455 1369 716 1436 Windiscbeman
740 1382 772 1437 et
791 1373 850 1436 filii
872 1375 921 1436 sui
942 1374 1161 1454 HermannuS,
1181 1375 1411 1455 Theodericus,
1432 1377 1609 1440 Heinricus:
1682 1355 1683 1434 1

314 1454 451 1520 Iacobus
477 1464 509 1522 et
528 1459 642 1525 batres
664 1465 714 1526 sui
735 1464 925 1541 Hertwicus,
946 1463 1165 1528 Hartmannus
1186 1471 1218 1528 61
1239 1466 1293 1528 alii
1316 1485 1410 1546 quam
1432 1467 1549 1548 plures.

386 1573 397 1600 ⁸
417 1573 509 1628 Rusur
526 1577 655 1632 awischeu
672 1595 723 1648 pro
740 1579 800 1632 arrd
817 1579 865 1634 der
883 1581 953 1636 Zohl
1007 1583 1020 1621 ¹³
1038 1580 1156 1636 ‘lhcsniz
1175 1583 1207 1634 ia
1225 1581 1317 1636 Ram

314 1757 358 1811 ber
389 1675 607 1814 mathim
634 1681 746 1738 deraelbe
771 1683 923 1755 Weiubcrp,
950 1686 1002 1741 dea
1027 1685 1078 1740 dus
1107 1685 1194 1754 Pfort.
1211 1685 1336 1740 Erbbucb
1358 1704 1380 1746 u.
1395 1685 1422 1744 J.
1438 1689 1507 1740 1551
1535 1687 1613 1741 aab·

355 1773 374 1826 9
476 1802 482 1814 .

316 1955 430 2040 1268.
458 1957 621 2057 August
646 1961 684 2044 8.
717 1961 893 2044 coenon.
1530 1963 1612 2044 2111.

396 2092 548 2158 Heinrich
569 2095 706 2179 Biscbof
719 2117 777 2161 eon
798 2097 970 2178 Hooclberp
991 2098 1110 2161 abab
1130 2097 1222 2171 61161,
1242 2097 1350 2162 welche
1371 2098 1421 2161 die
1441 2097 1561 2162 Kircbc
1579 2118 1615 2161 su

357 2183 463 2262 Pforte
483 2203 535 2248 am
554 2185 636 2265 Tape
656 2187 725 2250 aad
739 2187 923 2268 Jahrestape
943 2187 1028 2251 ihrer
1044 2187 1249 2268 Einweibwsp
1264 2188 1334 2251 aad
1346 2207 1391 2251 an
1404 2187 1464 2252 den
1476 2187 1615 2251 Moriar-

355 2273 453 2354 festcn
474 2273 621 2339 aarum
641 2276 715 2340 oder
734 2277 779 2341 sic
799 2277 898 2341 damah
919 2277 1066 2342 Alorosen
1086 2281 1307 2354 mammillam,
1331 2277 1454 2342 Aouss.
1684 2319 1685 2366 ,

466 2391 602 2453 Hdacbr,:
622 2393 652 2448 D
670 2398 723 2449 137
740 2395 792 2462 (tit.
803 2393 1002 2466 Indulgencia).

466 2496 593 2552 Dmclre:
614 2499 728 2554 Patrocli
747 2499 771 2568 Ι,
788 2505 850 2556 266.
870 2499 1123 2556 Bertachcbomel
1142 2499 1167 2568 1,
1186 2501 1243 2554 166.
1264 2497 1374 2554 0618166
1392 2503 1452 2554 289.
1484 2499 1616 2555 Deutacb:

537 2579 622 2648 Wolff
637 2579 684 2646 11,
703 2584 761 2634 151.
788 2580 842 2649 Vpl.
862 2579 1003 2650 Scbdttpen
1021 2582 1075 2638 116.

396 2682 592 2767 Hleinrious]
619 2686 670 2748 (161
696 2687 803 2767 gracia
830 2686 1105 2769 Hauelburgensis
1129 2686 1296 2768 episcopus
1324 2685 1484 2749 universis
1504 2683 1618 2748 Christi
1685 2763 1686 2776 χ

316 2771 467 2837 fidelibus
489 2781 651 2857 presentes
672 2775 793 2839 litteras
816 2777 1006 2861 inspecturis
1026 2775 1160 2838 salutem
1183 2776 1216 2838 in
1238 2775 1367 2838 domino
1388 2774 1619 2858 sempiternam.
1685 2809 1686 2840 t

318 2862 399 2926 Cum
429 2864 469 2926 ad
502 2870 638 2928 vestram
674 2866 888 2929 salvacionem
919 2867 1042 2929 occasio
1072 2864 1162 2928 vobis
1193 2883 1212 2926 a
1243 2864 1372 2928 domino
1404 2863 1622 2946 multipliciter

318 2953 479 3029 offeratur,
501 2960 534 3017 ut
555 2974 613 3036 per
629 2955 876 3018 elemosinarum
890 2956 1096 3038 largiciouem
1116 2959 1147 3016 et
1163 2955 1297 3037 expietis
1312 2959 1443 3036 peccata
1455 2958 1488 3018 61
1502 2953 1621 3036 premia

317 3045 513 3125 conquiratis
538 3051 661 3123 eterna,
690 3047 927 3109 universitatem
956 3052 1093 3108 vestram
1115 3063 1264 3126 rogamus
1285 3044 1370 3106 etin
1393 3043 1521 3106 domino
1542 3042 1623 3104 fide·

317 3135 389 3196 liter
414 3134 632 3214 adhortamur,
660 3140 818 3216 quatenus
839 3135 878 3198 ad
901 3141 1093 3199 structuram
1108 3133 1241 3196 ecclesie
1256 3140 1364 3196 sancte
1374 3131 1475 3195 Mario
1491 3131 1622 3214 virginis

317 3225 350 3286 in
381 3222 478 3287 Porta
509 3224 548 3287 de
580 3225 672 3288 bonis
704 3223 794 3288 robis
825 3245 844 3288 a
875 3225 934 3290 deo
967 3224 1090 3288 collatis
1115 3225 1168 3307 pia
1194 3223 1336 3286 subsidia
1358 3223 1561 3297 ministretis,
1589 3231 1624 3283 ut

318 3314 568 3378 misericordiam
595 3321 627 3380 et
652 3314 787 3378 salutem
817 3313 1058 3396 consequamini
1089 3314 1322 3396 sempiternam.
1374 3311 1442 3376 Nos
1473 3329 1549 3374 vero
1585 3311 1623 3372 de

319 3404 537 3467 misericordia
564 3405 615 3470 dei
640 3406 753 3468 contisi
780 3403 929 3468 omnibus
954 3404 994 3466 ad
1020 3403 1161 3486 predicte
1191 3401 1324 3466 eeclesia
1346 3401 1626 3464 consecracionem

317 3499 350 3556 et
382 3494 525 3558 eiusdem
554 3495 808 3559 consecracionis
845 3494 1097 3556 anniversarium
1136 3496 1168 3555 61
1202 3492 1235 3554 in
1266 3501 1353 3554 ΠΗοἳ
1384 3495 1492 3554 sancte
1521 3489 1624 3552 Mario

319 3582 606 3666 sollempnitatibus
628 3583 869 3648 occurrentibus
888 3583 939 3647 rel
962 3583 1152 3646 elemosinas
1173 3600 1247 3646 suas
1270 3579 1470 3644 mittentibus
1487 3589 1535 3644 XL
1555 3579 1625 3642 dies

318 3677 350 3734 61
370 3673 520 3737 harenam
543 3673 582 3737 de
604 3675 746 3737 iniuncta
762 3673 823 3736 sibi
833 3673 1011 3755 penitencia
1023 3669 1271 3734 misericorditer·
1284 3669 1477 3733 relaxamus.
1504 3667 1625 3732 Datum

318 3761 437 3826 Coteue
459 3781 543 3827 anuo
563 3764 668 3846 gracie
689 3771 885 3842 uelimus,
907 3771 946 3824 Vl
966 3760 1039 3824 idus
1060 3761 1207 3844 Augusti.

846 3914 1096 3924 ---..-.—-——

319 4016 433 4099 laos,
461 4016 624 4114 hrrgust
650 4017 687 4098 8.
715 4017 894 4099 (lothen.
1527 4010 1628 4093 208.

400 4153 531 4216 Konrud
551 4153 737 4232 Erebiscbof
751 4173 809 4215 von
830 4151 1027 4232 Mupdebury
1048 4147 1167 4212 madh
1189 4147 1286 4222 61166,
1309 4147 1417 4210 welche
1437 4147 1488 4210 dia
1508 4145 1630 4209 Kircbe

356 4261 398 4306 aa
419 4240 525 4323 Psorto
540 4263 591 4304 ura
611 4240 694 4321 Tape
708 4241 778 4304 aad
792 4261 836 4304 aa
854 4241 914 4304 den
930 4239 1137 4319 Jabreslupen
1152 4239 1238 4300 ihrer
1251 4237 1475 4318 Eiowea'banp,
1497 4255 1541 4298 aa
1566 4237 1631 4298 den

358 4331 589 4414 Martensestea
609 4331 679 4394 aad
702 4331 789 4394 ibren
804 4327 940 4394 Oktabon
959 4329 1108 4394 benactica
1128 4327 1197 4392 aad
1214 4327 1361 4392 Almosen
1375 4327 1477 4407 pabor,
1497 4325 1630 4389 Ablass.

469 4447 601 4504 Hdacbr.:
619 4449 649 4502 D
668 4450 737 4502 137b
756 4446 1019 4518 (tia1ndulgenoie).

468 4539 594 4597 mere:
614 4539 729 4594 Pertucb
747 4541 772 4605 1,
790 4543 850 4597 268.
876 4537 1127 4594 Bartsch-Sebatum
1145 4535 1170 4602 I,
1189 4537 1246 4593 167.
1272 4535 1381 4589 derasen
1400 4539 1461 4589 290.
1485 4533 1634 4590 Deutoch:

526 4619 610 4696 Wolff
624 4619 671 4690 11,
692 4624 750 4676 155.
777 4619 832 4692 th,
851 4619 990 4696 &conpos
1009 4619 1066 4676 116.
1093 4635 1116 4678 6,
1136 4615 1310 4672 humatam
1327 4615 1371 4683 II,
1391 4613 1442 4674 Nr.
1453 4617 1525 4672 1759.
