3400 5148
313 365 363 420 190
683 358 912 416 Urkundenbuch
930 361 979 414 des
996 357 1122 414 Kloeters
1140 355 1243 416 Prone.

309 517 516 600 possederant
536 514 668 597 pacifice
690 520 722 576 et
744 513 858 593 quiete,
882 511 1144 594 impedimentum
1166 508 1382 591 prestitissem
1400 507 1483 570 sicut
1501 507 1605 587 etpro

309 608 468 688 genitores
485 606 557 682 mei,
578 605 699 667 scilicet
720 603 901 666 Eberlierus
920 621 999 664 avus
1020 621 1112 664 meus
1132 606 1164 663 61
1185 598 1390 662 116161111116
1411 601 1501 680 pater
1515 615 1605 668 meus,

309 701 381 757 ante
410 713 460 757 me
485 695 642 771 fecerant,
671 698 702 754 et
728 691 788 775 ipsi
816 692 974 774 predictos
1002 689 1218 774 progenitores
1245 707 1332 750 meos
1359 685 1480 772 pluries
1507 707 1605 750 coram

308 783 427 847 iudicio
454 783 588 866 proinde
615 781 852 858 convenissent,
878 780 1079 863 postmodum
1107 777 1607 842 6611111161111161116616111616-

311 873 417 938 rendis
443 872 571 934 domino
598 871 750 934 Heinrico
780 870 900 932 decano
928 869 1064 950 Cycensi
1086 875 1117 930 et
1144 867 1272 930 douriuo
1298 867 1484 931 Hermanno
1511 869 1607 951 priore

311 963 510 1040 Pusouiensi‚
530 961 691 1023 iudicibus
713 979 731 1021 a
752 960 826 1023 sede
848 959 1020 1042 apostolica
1041 957 1201 1040 delegatis,
1224 959 1397 1020 movissent
1418 957 1607 1039 aliquamdiu

312 1054 520 1134 questionem,
542 1051 669 1114 tandem
690 1049 847 1112 bonorum
869 1055 901 1111 et
923 1049 1132 1110 discretorum
1154 1048 1293 1110 virorum
1312 1047 1607 1110 consiliomediante

311 1145 394 1206 inter
419 1143 505 1225 ipsos
533 1160 574 1203 ex
603 1159 667 1202 una
693 1145 725 1201 et
753 1157 803 1201 me
832 1145 863 1200 61
887 1138 1001 1200 fratres
1022 1157 1110 1200 meos
1132 1143 1164 1200 et
1184 1156 1325 1200 sororem
1346 1157 1385 1199 ex
1409 1142 1498 1219 parte
1520 1137 1608 1199 altera

310 1235 393 1295 1116111
415 1233 475 1293 tuit
497 1229 672 1292 amicabilis
693 1229 883 1311 composicio
905 1228 939 1290 in
959 1229 1045 1292 burro
1066 1228 1205 1304 modum,
1230 1227 1313 1307 quod
1336 1228 1515 1290 seeundum
1537 1229 1610 1290 ordi-

312 1324 479 1384 nacionem
509 1320 713 1396 arbitrorum,
744 1318 891 1380 videlicet
913 1319 1032 1379 domini
1052 1317 1237 1380 Theoderici
1259 1317 1298 1380 <le
1321 1316 1477 1392 Vibeche,
1498 1319 1610 1381 domiui

312 1411 460 1475 Gisilheri
487 1409 525 1473 de
552 1409 744 1472 Tullcstetbe
773 1407 923 1486 militum,
944 1408 1050 1470 fratris
1072 1407 1216 1469 Heinrici
1240 1407 1278 1469 de
1299 1405 1491 1487 Libenstete,
1513 1409 1611 1471 fratris

312 1500 456 1566 Heinriei
484 1501 626 1581 magistri
655 1500 688 1559 in
717 1497 806 1560 Vber
833 1515 1060 1560 conversorum
1091 1497 1130 1559 de
1152 1495 1262 1572 Porta,
1288 1497 1408 1559 domini
1429 1496 1558 1560 Ludolfi
1579 1498 1612 1560 116

312 1589 533 1664 81111111161111,
565 1588 684 1650 domini
711 1587 856 1651 Heinrici
882 1587 921 1649 de
948 1585 1149 1668 Gruningen,
1177 1585 1295 1648 domini
1321 1586 1506 1650 Theoderici
1532 1587 1612 1668 11616

314 1681 353 1742 dc
381 1678 602 1756 Wissensehe,
627 1676 747 1739 domini
775 1675 921 1738 Heinrici
948 1674 1084 1738 Scbalun
1112 1675 1151 1738 de
1177 1675 1386 1738 Ballinhuseu
1422 1676 1560 1739 militum
1587 1687 1612 1739 et

314 1769 466 1832 Iohannis
494 1769 533 1830 de
560 1767 678 1850 Sprech
707 1765 848 1848 magistri
869 1765 1005 1828 forensis
1033 1767 1066 1826 in
1088 1765 1265 1844 Wissense,
1286 1765 1443 1829 tlominus
1469 1766 1567 1830 abbas
1587 1776 1612 1830 ot

313 1864 490 1922 conventus
519 1865 590 1920 ante
617 1857 692 1919 dicti
720 1855 798 1917 mihi
821 1860 852 1917 et
872 1855 1023 1917 iratribus
1044 1856 1123 1918 meis
1145 1860 1176 1918 et
1194 1856 1294 1917 sorori
1315 1855 1479 1938 prelibatis
1501 1857 1614 1939 porsol-

312 1955 429 2010 verunt
448 1947 645 2028 integraliter
666 1947 774 2008 dacem
797 1964 920 2007 marcas
942 1948 1077 2028 argenti,
1096 1951 1127 2007 ct
1148 1945 1234 2026 quod
1256 1963 1314 2026 ego
1337 1965 1399 2007 11116
1421 1966 1494 2008 carm
1515 1947 1613 2008 iratri-

314 2037 373 2100 bus
399 2038 478 2100 meis
505 2043 536 2099 ct
562 2055 669 2100 sorore
698 2036 744 2097 616
771 2035 917 2097 dedimus
941 2042 1084 2097 nostrum
1109 2034 1341 2116 beneplacitum
1366 2041 1397 2098 et
1418 2055 1615 2110 consensum,

314 2126 398 2207 quod
427 2125 600 2208 predictam
631 2124 797 2206 piscariam
824 2121 883 2214 sub
913 2123 980 2185 istis
1006 2124 1162 2185 terminis:
1192 2143 1209 2184 a
1236 2123 1419 2186 nnrlendino
1444 2126 1479 2186 in
1500 2125 1614 2188 Heutz-

313 2214 525 2294 schusleyben
555 2232 656 2293 usque
683 2212 721 2274 ad
752 2212 858 2274 locum
885 2215 1000 2275 veteris
1027 2213 1200 2275 molendini
1227 2213 1310 2274 intra
1331 2213 1420 2276 Vher
1446 2214 1616 2290 constituti,

314 2325 379 2370 una
409 2323 482 2367 cum
512 2303 621 2366 salicto
651 2308 683 2364 61
710 2303 807 2384 pratis
834 2321 929 2386 supra
960 2303 1052 2364 1116116
1078 2321 1151 2364 crini
1174 2302 1369 2384 quibuslibet
1388 2305 1569 2368 attinenciis
1589 2314 1616 2367 et

315 2394 503 2458 utilitatibus
524 2393 664 2455 nuncin
685 2393 731 2454 616
750 2391 976 2476 apparentibus
996 2392 1045 2454 vel
1071 2393 1309 2472 quomodolibet
1330 2394 1363 2455 111
1385 2405 1498 2457 evum·
1519 2415 1616 2458 emcr-

315 2487 398 2549 suris
423 2489 551 2547 teneant
579 2488 611 2545 et
637 2483 742 2562 quiete
767 2482 950 2564 possideant
978 2482 1010 2545 in
1040 2489 1199 2560 eternum,
1225 2487 1257 2544 et
1279 2483 1363 2563 quod
1384 2503 1442 2566 ego
1464 2503 1528 2547 una
1548 2505 1617 2547 cum

315 2575 466 2638 iratribus
494 2573 573 2635 nreis
599 2577 631 2634 61
656 2590 763 2634 sorore
785 2590 859 2654 scpe
881 2571 973 2633 dictis
997 2573 1256 2635 renunciavimus
1278 2575 1364 2635 omni
1385 2575 1446 2636 iuri
1468 2580 1500 2637 et
1521 2576 1617 2638 eciam

316 2664 448 2745 actioni,
481 2663 507 2725 61
541 2681 604 2742 qua
635 2662 666 2722 111
699 2661 791 2723 bonis
823 2659 973 2743 predictis
1004 2660 1096 2722 nobis
1122 2669 1252 2744 possent
1281 2668 1459 2746 competere
1493 2684 1619 2746 quoquo

317 2753 419 2816 modo.
471 2751 577 2814 Huius
613 2752 658 2814 rei
688 2756 784 2814 testes
811 2756 885 2812 sunt
914 2751 1140 2833 compositores
1168 2751 1350 2815 amicabiles
1379 2773 1475 2836 supra.
1506 2754 1620 2836 scripti,

318 2847 461 2926 preterea
481 2841 686 2905 Winemarus
707 2841 805 2922 prior,
832 2839 1055 2920 Deginhardus
1077 2842 1279 2920 camai-anus,
1300 2841 1472 2905 Heinricus
1493 2843 1620 2906 cellera-

317 2931 384 2993 rius
413 2937 444 2992 ct
470 2929 523 2992 alii
556 2949 650 3010 quam
676 2929 784 3012 plures
806 2929 920 2991 fratres
943 2929 1127 3003 Fortenses,
1149 2930 1280 3012 insuper
1300 2932 1401 2994 eciam
1422 2932 1621 3015 Harttungus

319 3027 351 3084 et
376 3019 568 3101 Herdegnus
597 3019 745 3100 armigeri
773 3018 836 3080 rnei
865 3022 897 3080 ct
924 3017 1095 3081 Bertoldus
1113 3018 1152 3080 de
1174 3019 1379 3083 Wissensehe
1400 3026 1432 3083 61
1452 3020 1506 3084 alii
1526 3041 1621 3102 quam

318 3111 425 3194 plures
450 3109 567 3172 milites
592 3110 641 3171 etb
668 3109 759 3171 servi.
805 3107 843 3170 ln
869 3108 965 3170 huius
991 3109 1091 3171 eciam
1117 3109 1163 3170 161
1194 3109 1345 3171 noticiam
1375 3111 1563 3193 ampliorem
1593 3123 1620 3174 et

318 3200 504 3263 memoriam
529 3200 753 3280 sempiternam
779 3216 910 3280 presens
936 3197 1182 3260 instrumentum
1210 3198 1283 3260 dedi
1307 3217 1381 3282 sepe
1404 3201 1496 3263 dictis
1516 3201 1622 3263 abbati

319 3299 351 3353 61
372 3289 543 3352 conventui
567 3288 669 3370 sigillo
692 3287 812 3350 domini
836 3288 908 3367 mei,
929 3286 1054 3350 Alberti
1063 3287 1213 3370 itnlngie
1234 3289 1412 3371 landgravii
1434 3295 1464 3353 et
1486 3289 1621 3354 Saxonis

320 3379 443 3442 coniitia
470 3377 614 3460 palatini,
646 3379 701 3458 qui
731 3377 805 3440 huic
832 3377 1057 3459 composicioni
1084 3397 1275 3440 consensum
1304 3399 1399 3442 suum
1424 3379 1565 3462 prebuit,
1595 3387 1623 3442 et

320 3467 423 3550 sigillo
449 3467 577 3550 capituli
605 3474 712 3530 sancte
733 3467 833 3529 Maria
855 3467 887 3528 111
909 3466 1175 3530 Eriordensibus⁰
1195 3487 1331 3549 meoque
1352 3469 1469 3552 sigilla,
1493 3471 1624 3552 insuper

254 3569 256 3574 '
321 3565 352 3620 61
373 3557 496 3640 sigillod
517 3557 637 3619 domini
657 3556 842 3620 Theoderici
864 3555 902 3619 de
925 3555 1095 3638 Vigbechc
1117 3557 1238 3620 domini
1255 3557 1408 3622 Friderici
1429 3560 1565 3623 senioris
1587 3561 1624 3622 de

321 3645 501 3724 Driuortha
522 3645 642 3708 domiui
662 3645 803 3708 Ludolffi
825 3645 864 3708 de
886 3645 1107 3724 Stutirnheim‚
1129 3647 1248 3709 domini
1270 3647 1413 3711 Bertoldi
1433 3649 1624 3712 vicedomini

323 3736 361 3798 de
392 3734 517 3817 Apolde
548 3741 579 3798 et
610 3735 730 3797 domini
762 3734 910 3798 Gisilhcri
940 3735 979 3797 de
1006 3734 1197 3799 Thullestete
1224 3735 1364 3800 fideliter
1383 3739 1623 3801 communitum.

322 3823 440 3888 Datum
462 3843 544 3886 anno
567 3824 687 3886 domini
707 3833 949 3887 M⁰OC⁰LXHI⁰.

392 3961 458 4015 ‘cu
510 3951 570 4014 ι’61
621 3959 785 4015 ⁰Erfordeir
837 3950 989 4032 “sigillum
