3506 5148
311 383 363 444 472
690 390 921 450 Urhundenbueh
938 395 986 451 dee
1005 391 1131 453 Kloeters
1150 385 1254 454 Pieria.

311 580 423 661 1323.
451 579 569 660 littra
588 581 622 662 7.
1526 579 1618 666 bit).

393 716 537 780 Giinther
558 716 637 791 Abi,
665 717 826 780 Rabonoid
849 716 944 780 Prior
964 718 1033 780 arrad
1052 717 1198 781 Konocni
1218 718 1272 781 des
1294 717 1564 798 Georpenbloslcrs
1584 719 1620 782 ia

352 806 539 886 Noumbarp
565 807 751 886 iiberhopen
778 808 845 869 doru
875 806 1002 870 Klosrer
1031 808 1139 889 Pforte
1163 809 1215 871 die
1245 807 1374 888 Kapelle
1404 809 1436 871 in
1467 810 1535 870 dean
1556 829 1623 872 tter.

351 900 455 962 idciro
477 894 578 977 Dorfe
603 896 797 960 ilrrrschwiir
818 897 875 959 arii
892 896 976 960 alica
993 899 1201 979 ldialrriajlea,
1223 901 1326 979 roofiir
1347 898 1483 962 tetriores
1495 899 1622 963 Klostcr

350 989 449 1053 durch
473 989 541 1050 eine
561 987 651 1069 liufo
672 988 707 1048 in
726 986 958 1070 [Klein-Meno
978 989 1038 1052 den
1058 990 1200 1069 doriipen
1223 989 1343 1052 Plehon
1364 990 1564 1071 mateririidipl.

465 1125 597 1180 nascio-„-
620 1125 665 1179 Or.
676 1125 752 1194 Perp.
770 1125 843 1193 asp.
863 1125 908 1180 des
926 1126 1007 1181 Abies
1025 1127 1084 1180 aad
1101 1127 1308 1182 desKonrentes
1325 1127 1371 1182 dea
1384 1128 1620 1196 Georpeallosters,

510 1205 596 1274 wenta
613 1206 723 1258 ratem.
749 1205 872 1258 Dresoen
891 1205 928 1259 Η.
940 1205 979 1260 st.
991 1207 1026 1260 A.
1045 1206 1185 1260 naama.
1206 1237 1238 1245 -
1257 1206 1287 1260 1)
1301 1197 1364 1260 ool.
1385 1207 1455 1263 raa.

462 1299 573 1352 ibach:
596 1298 733 1353 Bartsch:
758 1298 843 1366 Wolff
855 1298 901 1366 II,
921 1303 981 1353 406.
1026 1299 1081 1369 Vpl.
1102 1299 1218 1368 Lepsios
1242 1300 1273 1352 in
1297 1299 1375 1354 Neam
1394 1299 1517 1354 lllittlreri.
1528 1300 1557 1365 I,
1576 1305 1621 1366 31,

508 1396 548 1432 wo
561 1378 655 1446 jedoch
673 1378 716 1431 die
734 1377 922 1446 Bestinrmamp
942 1378 989 1432 der
1008 1379 1083 1450 Lapa
1109 1397 1159 1434 ron
1180 1379 1348 1433 lbaacbwitr
1366 1383 1443 1447 „ssus
1457 1381 1505 1434 der
1523 1381 1622 1434 Hooa‘

509 1461 578 1530 irrep
595 1461 639 1526 ist,
658 1458 717 1512 aad
736 1459 784 1512 Kl.
795 1459 869 1514 Solu.
883 1459 925 1526 II,
945 1463 1003 1514 145.

390 1598 455 1662 Nos
478 1599 663 1660 (lantherus
693 1596 743 1660 dei
771 1599 872 1680 gratia
899 1595 1011 1675 abbae,
1036 1595 1239 1660 Rebenoldus
1267 1598 1353 1681 prior
1375 1603 1524 1682 totusque
1545 1617 1622 1660 eon-

311 1698 426 1754 veutus
452 1689 634 1752 monasterii
661 1688 761 1750 saneti
784 1687 909 1769 Georgii
932 1688 964 1750 in
987 1687 1166 1770 Nuenburg
1193 1689 1312 1750 ordinis
1333 1689 1433 1751 sancti
1455 1687 1621 1752 Benedicti

310 1781 566 1863 recognoscimus
588 1799 624 1841 ac
645 1780 802 1840 universis
818 1777 932 1840 Christi
954 1778 1101 1840 fidelibus
1123 1780 1272 1860 cupimus
1293 1797 1363 1842 esse
1383 1784 1504 1858 notum,
1526 1779 1622 1860 quod,

310 1893 383 1934 curn
407 1871 480 1932 villa
502 1873 533 1931 in
555 1869 702 1949 Tusuytz
733 1868 772 1931 ob
804 1869 1068 1952 multiplicitatem
1097 1871 1376 1951 congregationum
1399 1890 1418 1932 a
1438 1869 1568 1951 regibus
1590 1877 1622 1932 et

311 1962 506 2045 principibus
535 1960 652 2032 ibidem
681 1960 823 2022 crebrius
851 1960 1027 2022 habitarum
1056 1979 1093 2022 ao
1119 1961 1376 2042 inportunitatem
1405 1964 1565 2042 raptorum
1589 1969 1621 2022 et

310 2072 479 2134 pravorum
508 2051 673 2113 hominum
704 2069 741 2112 ao
766 2049 844 2112 alias
865 2070 978 2112 causas
1001 2050 1170 2130 legittimae
1191 2049 1230 2112 ad
1252 2055 1371 2112 tantam
1394 2049 1620 2112 desolationem

313 2144 459 2218 venisset,
480 2141 555 2204 adeo
577 2139 659 2223 quod
683 2143 776 2203 etiam
799 2139 992 2202 habitatione
1013 2140 1156 2222 populari
1177 2139 1291 2204 fuisset
1317 2140 1443 2222 penitus
1461 2140 1622 2217 destituta,

310 2234 354 2295 ita
381 2233 465 2315 quod
493 2231 611 2314 capella
639 2231 740 2312 ipsius
766 2230 852 2310 ville,
884 2249 946 2313 que
973 2249 1097 2292 annexa
1122 2230 1274 2294 haetenus
1298 2231 1360 2292 fuit
1386 2231 1559 2312 parrochpe
1587 2231 1620 2292 in

310 2323 406 2402 Gerre,
427 2343 445 2384 a
466 2321 599 2404 plebano
617 2323 718 2402 ipsius
735 2321 796 2382 loci
814 2321 978 2384 commode
994 2319 1123 2384 officiari
1137 2339 1200 2382 non
1219 2325 1331 2402 posset,
1352 2322 1397 2382 sio
1416 2321 1501 2402 quod
1518 2321 1622 2382 multo

311 2420 450 2495 tempore
471 2413 588 2473 divinis
610 2409 723 2472 officiis
743 2412 934 2493 privaretur,
962 2430 1021 2472 nos
1048 2417 1156 2472 saneto
1184 2409 1280 2474 afflati
1301 2411 1429 2492 spiritu,
1455 2412 1623 2491 cupientes

310 2502 410 2564 divini
439 2503 581 2564 numinis
609 2501 730 2562 cultum
759 2501 970 2581 augmentari,
998 2501 1161 2582 presertim
1182 2519 1255 2562 cum
1278 2519 1316 2562 ex
1340 2499 1443 2562 debito
1466 2499 1544 2562 iuris
1566 2519 1623 2580 pa-

311 2598 453 2654 tronatus
482 2594 581 2653 nostri
612 2592 745 2669 intersit,
788 2591 919 2653 eandem
955 2591 1105 2673 capellam
1140 2610 1212 2653 enm
1245 2590 1394 2653 omnibus
1424 2588 1549 2652 iuribus
1580 2591 1620 2652 ad

309 2684 409 2764 ipsam
443 2681 673 2764 pertinentibus
705 2687 735 2742 et
765 2680 1010 2743 obventionibus
1043 2679 1252 2762 quibuslibet,
1284 2680 1429 2742 videlicet
1459 2699 1622 2760 agrorum,

310 2791 470 2849 arearum,
498 2790 682 2854 camporum
704 2770 1154 2852 etsilvarun1,decimarum,
1176 2771 1419 2832 decimationum
1444 2771 1511 2832 sire
1533 2771 1623 2834 obla·

311 2864 434 2924 tionum
457 2867 488 2923 et
509 2862 652 2923 omnium
675 2861 803 2936 iuriunr,
825 2881 887 2944 que
901 2862 939 2922 ad
953 2861 1145 2943 parrochiam
1158 2859 1232 2936 (sic)
1252 2862 1284 2922 in
1298 2859 1385 2923 Gene
1401 2865 1431 2922 et
1446 2858 1621 2942 plebanum

310 2952 427 3014 ibidem
458 2951 611 3013 hactenus
643 2950 878 3033 pertinuerunt,
910 2971 982 3013 crim
1015 2971 1172 3014 consensu
1205 2949 1344 3033 plebani,
1380 2949 1550 3029 dyocesani
1585 2969 1623 3012 ac

309 3042 453 3103 iudicum
476 3040 715 3102 Eriordensium
739 3047 769 3103 et
790 3042 951 3120 omnium,
979 3061 1114 3124 quorum
1137 3043 1299 3120 intererat,
1325 3041 1356 3102 in
1388 3039 1566 3103 dominium
1590 3049 1623 3104 et

312 3131 362 3194 ius
387 3130 496 3192 donmi
522 3129 645 3192 abbatis
672 3135 703 3192 et
733 3136 909 3193 conventus
930 3131 963 3193 in
986 3129 1080 3193 Porta
1101 3131 1220 3194 ordinis
1242 3130 1478 3212 Cysterciensis,
1498 3129 1623 3194 Noem-

310 3221 478 3302 burgensis
500 3220 652 3300 dyocesis,
674 3219 895 3283 transtulimus
917 3227 948 3284 et
968 3216 1168 3304 presentibus
1183 3222 1403 3286 transferimus
1420 3225 1460 3301 et,
1482 3221 1509 3283 si
1532 3223 1621 3303 quod

310 3312 389 3373 iuris
410 3315 595 3392 patronatus
616 3311 759 3373 eiusdem
779 3311 897 3393 capelle
917 3331 976 3374 nos
993 3312 1174 3394 contingere
1190 3317 1302 3394 posset,
1323 3330 1397 3374 oum
1411 3311 1624 3375 universitate

309 3401 467 3464 bonorum
488 3401 620 3462 transire
641 3400 681 3462 ad
702 3401 787 3483 ipsos
809 3401 967 3479 volumus,
988 3401 1186 3464 absolventes
1208 3403 1332 3464 eosdem
1356 3400 1394 3464 ab
1410 3403 1498 3463 omni
1515 3421 1623 3482 onere,

311 3513 373 3573 quo
409 3497 553 3572 pretextu
591 3490 734 3554 eiusdem
771 3490 890 3573 capelle
925 3491 1110 3574 parrochiali
1150 3493 1279 3554 ecclesie
1319 3491 1446 3553 fuerant
1479 3490 1624 3574 obligati,

310 3587 470 3643 annuente
497 3581 564 3662 ipse
591 3579 723 3662 plebano
750 3586 781 3643 et
802 3599 962 3644 consensu
983 3582 1160 3644 voluntario
1182 3582 1356 3645 accedente.
1397 3579 1438 3642 Εἴ
1458 3601 1499 3644 ne
1523 3583 1623 3645 huius

312 3671 395 3734 modi
417 3669 579 3732 translatio
600 3669 639 3732 ab
662 3670 768 3752 aliquo
785 3689 1004 3734 suceessorum
1025 3677 1205 3734 nostrorum
1222 3691 1278 3735 seu
1297 3671 1390 3734 etiam
1408 3669 1622 3754 plebanorum

309 3761 409 3842 ipsius
439 3761 576 3822 matricis
603 3759 733 3823 ecelesia
762 3780 819 3823 seu
843 3781 861 3823 a
882 3763 995 3843 quovis
1016 3761 1078 3823 alio
1099 3761 1258 3825 annullari
1280 3761 1382 3824 valeat
1402 3761 1472 3824 sive
1493 3761 1527 3823 in
1549 3762 1623 3824 irri-

309 3857 377 3911 tum
405 3852 559 3927 revocari,
589 3849 737 3914 dominus
767 3850 864 3914 abbas
893 3858 923 3914 et
954 3857 1130 3914 conventus
1161 3853 1193 3916 in
1226 3851 1321 3915 Perta
1350 3851 1481 3933 predicti
1514 3871 1621 3915 unum

310 3959 456 4002 mansum
479 3942 575 4002 situm
596 3941 632 4002 in
653 3961 762 4025 campo
781 3941 854 4003 ville
876 3941 962 4004 Gens
987 3961 1041 4025 pro
1066 3941 1247 4024 quindecim
1269 3939 1624 4024 marcisVribergensis

309 4032 428 4112 argenti
449 4041 703 4113 conparaverunt
723 4051 759 4094 ao
781 4033 839 4114 ipsi
862 4032 985 4095 matrici
1006 4032 1136 4095 ecclesie
1153 4031 1344 4116 appropriari
1358 4039 1624 4113 procuraverunt,

308 4121 352 4182 ita
381 4120 465 4202 quod
489 4121 707 4202 indempnitati
735 4123 835 4205 ipsius
859 4123 998 4185 matricis
1020 4121 1149 4184 ecclesie
1171 4121 1364 4185 sufficienter
1385 4121 1426 4183 sit
1444 4122 1624 4203 provisum,

308 4211 386 4273 adeo
413 4212 497 4293 quod
524 4213 667 4274 condicio
697 4214 797 4296 ipsius
826 4213 895 4276 iure
922 4213 1022 4294 possit
1047 4217 1077 4274 et
1109 4211 1221 4274 debeat
1246 4211 1358 4274 melior
1387 4213 1535 4295 reputari.
1580 4211 1623 4276 In

308 4301 401 4364 cuius
421 4303 466 4364 rei
489 4301 711 4365 certitudinem
734 4309 765 4364 et
786 4313 992 4384 augmentum
1014 4301 1136 4364 roboris
1157 4321 1285 4385 presens
1307 4303 1459 4384 sen'ptum
1481 4301 1625 4386 desuper

308 4390 428 4454 editum
455 4397 562 4454 nostro
588 4411 624 4454 ao
645 4394 746 4456 nostri
768 4397 945 4455 conventus
967 4392 1078 4475 sigillis
1100 4392 1233 4456 fecimus
1253 4392 1454 4456 communiri.
1496 4391 1622 4458 Datum

308 4499 391 4543 auno
413 4481 533 4544 domini
555 4491 859 4562 lt⁰ooo⁰xx0111⁰,
881 4501 982 4544 nonas
1004 4479 1116 4544 Martii.
1157 4481 1263 4545 Testes
1284 4487 1360 4545 sunt
1381 4481 1624 4547 domnusHen-

308 4573 394 4634 ricus
414 4571 567 4654 plebanus
589 4574 620 4634 in
634 4572 746 4653 Nezne,
770 4574 919 4652 magister
930 4571 1121 4652 Gozuynus,
1142 4571 1455 4636 dominusReinboto
1469 4575 1623 4640 sacerdos
