3410 5146
323 411 357 468 72
696 409 928 466 Urkundenbuch
946 407 994 464 des
1013 408 1139 464 Kloaters
1157 403 1260 462 Pieria

324 565 453 628 missam
477 564 643 628 ecclesiam
666 582 761 646 snper
782 563 865 624 dicta
885 561 1085 644 possessione
1109 561 1313 622 velrerrrenter·
1331 559 1414 639 cepit
1434 557 1577 638 inpetere
1596 563 1624 617 et
1689 579 1690 626 l

323 655 373 716 ius
395 653 454 716 sibi
473 654 506 717 in
528 674 565 716 ea
586 659 697 716 contra
718 653 869 715 iustitiam
893 651 1070 713 vendicare.
1114 649 1265 725 Quamvis
1279 649 1376 730 igitur
1389 647 1623 710 continuatione

323 744 473 826 temporis
501 743 571 826 lege
599 744 738 826 prefiniti
768 743 862 824 longa
890 742 1075 824 prescriptio
1104 747 1136 803 et
1163 741 1265 802 tocius
1290 739 1369 802 iuris
1396 757 1533 801 censura
1557 755 1623 819 pre-
1689 753 1690 798 l

322 834 521 896 nominatum
542 834 768 916 patrimonium
793 833 935 895 Portensi
959 831 1066 894 domui
1097 831 1248 910 legittime
1271 828 1469 896 defenderet,
1499 837 1624 909 propter

322 923 409 1007 pacis
424 929 529 986 tamen
552 928 584 986 et
606 923 721 1003 quietis
743 943 799 986 sue
822 922 1026 1005 optinendam
1049 921 1307 1001 tranquillitatem
1330 919 1445 980 fratres
1471 918 1509 980 de
1533 917 1625 980 Porta
1689 943 1690 1000 r

323 1031 364 1076 ex
385 1013 519 1076 consilio
542 1017 648 1075 nostro
670 1017 702 1076 et
723 1012 915 1095 prudentum
938 1012 1077 1074 virorum
1102 1010 1243 1094 predicto
1264 1009 1373 1072 comiti
1396 1007 1546 1090 Hugoldo
1560 1016 1624 1068 LX*
1689 1001 1690 1058 l

323 1121 445 1166 mareas
473 1103 594 1185 argenti
615 1101 844 1184 persolverunt,
870 1102 995 1184 etipse
1022 1120 1128 1163 coram
1159 1099 1249 1162 nobis
1276 1099 1306 1160 in
1334 1097 1476 1159 imlioiali
1503 1096 1624 1178 placito,

323 1190 462 1273 quodie
485 1191 625 1254 Saxonis
655 1211 754 1275 prope
785 1211 899 1254 nemus
927 1191 1021 1254 castri
1050 1190 1150 1252 nostri
1181 1187 1384 1256 habuimns3.
1415 1185 1625 1249 assidentibus
1689 1209 1690 1234 r

323 1281 474 1344 Gozwiuo
504 1281 544 1345 de
566 1281 712 1364 Wangen
739 1280 873 1344 sculteto
902 1280 996 1343 sinrul
1016 1287 1057 1344 et
1079 1281 1224 1358 scabino,
1254 1277 1442 1342 Genelrardo
1470 1277 1565 1339 etiam
1597 1283 1624 1338 et
1689 1311 1690 1352 3

323 1370 464 1434 Gerardo
483 1373 580 1434 fratre
602 1371 671 1435 eius
693 1372 732 1434 de
755 1369 1149 1447 Querenvorrle,rtlbe1·to
1171 1370 1211 1432 de
1234 1367 1441 1442 Osterhnsen,
1461 1365 1624 1429 Ditbmaro
1689 1395 1690 1406 κ

322 1459 764 1534 deH0renberch,Ga1tollo
786 1461 825 1524 de
848 1459 975 1523 Geizele
998 1458 1113 1521 nichilo
1137 1460 1242 1520 minus
1263 1456 1410 1528 scabinis,
1432 1456 1625 1519 acclamante

321 1548 481 1612 Eilwardo
508 1567 645 1632 precone
672 1550 711 1612 de
733 1550 886 1633 Vphnsen
909 1568 1017 1625 timue,
1042 1547 1127 1630 quod
1147 1547 1207 1610 sibi
1230 1547 1375 1628 quamvis
1396 1547 1514 1608 iniuste
1536 1566 1625 1608 usur·
1689 1547 1690 1608 ἶ

322 1645 461 1721 paverat
483 1639 533 1701 ius
554 1641 680 1722 penitus
702 1639 861 1702 abdicavit
882 1645 914 1702 et
933 1639 1083 1720 deinceps
1105 1637 1225 1700 nullam
1249 1635 1398 1718 predictis
1420 1634 1574 1698 tratribus
1595 1635 1623 1697 in
1689 1633 1690 1636 ’

322 1728 433 1792 eadem
454 1729 654 1811 possessione
671 1729 846 1792 molestiam
865 1749 899 1792 se
914 1729 1077 1792 illaturum
1094 1727 1220 1811 publice
1235 1726 1294 1788 sub
1312 1725 1454 1788 districta
1470 1727 1626 1788 caudonis
1689 1721 1690 1760 l

322 1837 458 1882 censura
494 1819 704 1881 confirmavit.
756 1819 866 1882 Preter
902 1820 958 1881 has
989 1826 1094 1882 autem
1127 1827 1195 1880 tx·
1226 1835 1350 1878 marcas
1383 1815 1537 1878 dederant
1566 1816 1624 1897 ipsi
1689 1831 1690 1852 t

320 1908 435 1972 iratres
463 1928 519 1992 pro
547 1909 747 1990 possessione
768 1908 823 1971 illa
849 1909 950 1992 primo
978 1917 1027 1971 CX
1054 1926 1176 1970 marcas
1201 1911 1232 1968 et
1251 1905 1453 1986 postmodum
1475 1902 1626 1977 Sibotoni,

321 2015 472 2080 germano
494 1997 618 2060 comitis
628 1998 780 2079 Hugoldi,
802 2007 913 2061 xxim
934 2017 1057 2060 marcas
1078 2003 1109 2059 et
1129 1998 1262 2078 insuper
1276 1995 1464 2076 multasepe
1480 1994 1514 2056 in
1536 1994 1626 2075 equis

321 2092 353 2150 et
383 2087 416 2149 in
448 2087 518 2150 aliis
549 2087 729 2151 mobilibus.
771 2088 836 2170 Ipsi
868 2089 962 2150 etiam
992 2088 1099 2150 comiti
1128 2085 1281 2149 Heinrico
1310 2103 1366 2167 per
1396 2083 1528 2165 aliquod
1558 2082 1626 2160 (sie)

322 2195 423 2240 annos
449 2195 551 2258 usque
578 2177 611 2238 in
637 2177 736 2240 tinem
761 2178 822 2239 vite
844 2196 901 2239 sne
919 2176 1038 2258 largam
1061 2195 1234 2259 expensam
1255 2175 1387 2237 honeste
1408 2172 1626 2235 subministra·
1689 2161 1690 2210 l

320 2271 445 2338 verunt
466 2270 498 2330 et
519 2265 564 2328 sic
585 2266 616 2328 in
642 2285 798 2328 summam
822 2266 958 2330 redactis
978 2266 1054 2341 hiis,
1081 2285 1142 2346 que
1163 2285 1219 2347 pro
1242 2264 1354 2328 eodem
1377 2262 1568 2346 patrimonio
1589 2261 1626 2326 ab
1689 2279 1690 2316 ι

320 2355 367 2417 eis
386 2354 460 2419 data
481 2361 568 2432 sunt,
596 2365 638 2419 CO
668 2375 790 2418 marcas
819 2357 988 2419 excedunt.
1032 2355 1075 2418 Ut
1095 2356 1192 2438 igitur
1212 2354 1353 2438 predicta
1370 2354 1528 2437 possessio
1550 2353 1627 2415 Por-

321 2445 421 2507 tensi⁸
452 2445 586 2508 ecclesie
617 2445 649 2506 in
683 2451 872 2528 perpetuum
903 2445 991 2507 salva
1020 2453 1051 2508 et
1075 2443 1194 2507 illibata
1221 2448 1417 2526 permaneat,
1448 2449 1625 2524 presentem
1689 2491 1690 2494 ,

321 2534 468 2616 pagiuam
501 2534 618 2598 exinde
651 2535 861 2617 conscriptam
895 2534 989 2616 sigilli
1018 2535 1118 2597 nostri
1148 2533 1345 2616 inpressione
1372 2533 1570 2614 signavimus
1597 2542 1627 2595 et

321 2623 520 2704 ydoneorum
550 2625 679 2688 testium
710 2625 941 2707 subscriptione
973 2624 1257 2700 communivimus,
1295 2643 1432 2705 quorum
1463 2623 1521 2686 hec
1554 2628 1627 2686 sunt

320 2714 465 2776 nomina:
504 2713 715 2778 Ekkehardus
752 2715 931 2797 prepositus
969 2712 1111 2778 Goslarie
1150 2719 1181 2777 et
1217 2714 1474 2797 prothonotarius
1510 2719 1626 2784 nosterq
1689 2727 1690 2754 1

322 2802 504 2867 ffiidericus
525 2823 632 2868 eomes
653 2805 922 2886 deBichelingen,
943 2803 1115 2866 Heinricus
1136 2803 1327 2886 burgravius
1348 2803 1388 2867 de
1402 2803 1493 2867 Nove
1515 2809 1627 2874 castro,

321 2892 494 2957 Heinrieus
518 2893 557 2957 de
579 2893 741 2971 Volrstete,
762 2893 982 2956 Vdenscalcus
1004 2891 1043 2956 de
1064 2891 1289 2972 Uioemburcb
1310 2891 1456 2956 Lutolfus
1478 2892 1518 2956 de
1538 2892 1628 2956 Berl-
1689 2959 1690 2966 g

323 2986 417 3061 stete,
445 2981 599 3046 Albertus
627 2982 666 3046 de
688 2983 853 3066 Wippere,
876 2983 949 3046 Otto
971 2981 1010 3045 de
1032 2981 1224 3056 Crebizuelt,
1244 2982 1374 3046 Tammo
1396 2982 1436 3046 da
1456 2981 1626 3048 Werbene.
1689 3031 1690 3058 i

262 3075 266 3083 '
320 3071 493 3140 Heinricus
514 3071 709 3136 marscalcus
730 3079 854 3150 noster,
882 3072 1066 3136 Guutberus
1088 3073 1211 3155 dapifer
1241 3079 1362 3149 noster,
1388 3072 1560 3136 Gozwiuus
1587 3073 1626 3134 de
1689 3059 1690 3128 l

322 3160 562 3242 Saugerhusem
598 3161 804 3224 Gotbeiridus
841 3162 880 3225 de
912 3161 1111 3240 Tuteleiben,
1147 3162 1300 3226 Albertus
1331 3169 1363 3228 et
1391 3163 1555 3226 Walterus
1588 3161 1627 3224 de
1689 3209 1690 3234 1

321 3249 476 3326 Machele,
512 3251 604 3315 Ottob
626 3251 665 3315 de
688 3250 915 3316 Scerenbeche.
957 3253 1038 3315 Acta
1070 3258 1145 3315 sunt
1174 3258 1279 3316 autem
1312 3253 1370 3316 bec
1402 3271 1486 3315 anno
1514 3252 1553 3315 ab
1577 3253 1627 3314 in·
1689 3249 1690 3290 3

321 3343 505 3428 cordatione
527 3341 797 3420 domimum,
818 3341 993 3406 indictione
1017 3347 1136 3422 quarta.

390 3439 516 3510 *portes
536 3437 724 3494 cacavam
742 3438 845 3493 nasae
881 3429 981 3495 boso
1346 3470 1349 3478 ·

394 3527 404 3564 ¹
428 3527 524 3596 Wepan
540 3525 598 3580 ind.
612 3533 719 3597 quarta
793 3525 805 3564 Β
830 3526 883 3596 Vpl.
904 3526 957 3584 Nr.
972 3527 1011 3581 13.
1084 3526 1186 3582 ³ch
1203 3529 1304 3596 apriclrt
1326 3529 1358 3582 in
1376 3528 1479 3584 Zlaclrr.
1494 3527 1522 3581 d.
1538 3527 1626 3582 Hara-
1689 3563 1690 3590 v

322 3605 421 3660 iareim
439 3605 525 3672 XIX,
545 3611 604 3673 100,
624 3607 658 3662 A.
676 3611 693 3659 4
710 3605 753 3660 die
771 3607 831 3660 aelrr
849 3606 1082 3662 wabraolrcialiclre
1106 3607 1289 3676 Vermnthonp
1307 3624 1367 3673 uua,
1385 3607 1448 3662 dosa
1465 3607 1516 3661 dar
1535 3605 1628 3661 Land-
1689 3599 1690 3648 l

318 3685 420 3752 pera'cbt
436 3686 476 3739 bel
493 3685 551 3739 dan
573 3685 666 3740 Haine
683 3687 765 3740 naban
783 3685 830 3740 der
848 3687 1018 3755 Nenmburp,
1037 3691 1094 3754 aas
1106 3688 1166 3741 clem
1183 3695 1365 3758 aauenaantcn
1381 3686 1535 3757 Hoinbcrpe
1552 3685 1626 3753 (add-
1689 3685 1690 3694 ’

321 3762 377 3818 liele
394 3781 444 3818 voa
461 3763 508 3818 der
526 3765 708 3834 Neuaaburp),
727 3765 818 3834 pebept
835 3765 894 3818 ond
911 3766 954 3820 die
977 3767 1105 3821 Urlrwndc
1122 3769 1179 3836 ans
1192 3767 1239 3822 der
1257 3767 1420 3836 Ncucnbwry
1437 3769 1548 3836 oafaaal
1565 3768 1608 3820 r'al.
1689 3767 1690 3816 ὲ

323 3883 435 3967 raoa
854 3875 1096 3884 ⁴*—
1559 3888 1626 3972 sa.
1689 3845 1690 3888 ³

409 4002 649 4080 memorant,
672 4003 808 4067 Koarad
825 4003 918 4068 Ra’or
940 4005 1009 4069 ond
1030 4007 1085 4070 der
1101 4006 1248 4071 Koaeent
1266 4026 1308 4072 au
1334 4005 1440 4088 Pfoalc
1456 4005 1626 4075 aaronem,
1689 3999 1690 4002 '

361 4093 437 4186 dass
459 4092 593 4157 Gerlach
612 4113 670 4157 eon
690 4093 911 4174 Heldrnnpen,
934 4093 1147 4162 Denabaran
1168 4095 1373 4178 discumbere,
1395 4096 1495 4160 durch
1515 4095 1628 4162 saen-
1689 4091 1690 4176 l

359 4182 447 4262 konp
473 4182 558 4245 aner
585 4181 676 4263 Hafa
702 4185 737 4247 ln
758 4185 922 4249 Eberstedt
948 4186 1018 4248 ond
1046 4187 1129 4249 eines
1157 4187 1282 4251 deers
1311 4185 1402 4250 Weia
1426 4185 1463 4250 in
1490 4187 1628 4249 Marten-
1689 4231 1690 4234 ,

361 4271 439 4352 dors
453 4273 488 4335 in
509 4271 578 4335 dam
598 4271 725 4336 Kloster
744 4275 809 4337 sicli
830 4275 881 4336 ein
905 4273 1077 4354 Scelperdllr
1098 4277 1232 4356 pesliflel
1251 4276 1334 4340 aare.
1689 4317 1690 4360 l

471 4370 604 4425 Hdaclra:
632 4371 676 4431 Or,
693 4373 768 4442 Perp,
788 4373 833 4442 Sp.
852 4373 897 4426 dea
917 4375 996 4427 Abies
1014 4391 1063 4428 oon
1087 4373 1257 4430 Walltemied
1276 4376 1312 4429 iat
1329 4377 1489 4444 separabam,
1515 4375 1557 4446 Sp.
1578 4375 1629 4428 des
1689 4431 1690 4434 ,

521 4452 601 4506 Abtea
623 4469 673 4506 ron
696 4453 787 4519 Psorte
813 4471 851 4505 aa
879 4455 990 4510 weissen
1029 4455 1148 4514 leimam
1172 4454 1267 4514 Fauen
1289 4455 1411 4514 aiemlr'clv
1426 4463 1477 4527 pot
1500 4455 1626 4511 aarum
1689 4445 1690 4514 l

522 4530 684 4600 Namnbwrp
701 4530 739 4589 D.
751 4535 784 4585 A.
799 4531 850 4588 Nr.
863 4537 903 4591 48.
1689 4537 1690 4556 ¹

476 4609 651 4680 Unpodraokt.
