3392 5150
294 369 347 424 268
672 365 902 422 Urkundenbuch
921 366 970 420 des
988 364 1113 420 Klosters
1132 365 1231 420 Pforte

342 517 550 582 Verbdllnissc
569 536 611 580 su
631 515 763 592 blesiaco,
784 516 842 579 mit
861 517 917 579 der
938 515 1170 594 Baslimmunc,
1199 513 1273 577 dass
1303 533 1334 576 es
1359 511 1429 576 dean
1452 511 1529 578 Am
1544 511 1589 574 des

337 605 479 670 Kbsters
499 607 608 688 Pforle
628 606 866 686 unimemrdnei
886 606 953 670 sein
974 604 1052 670 sollo.

446 739 578 875 Hdslcqbgt:
593 739 866 874 ἑὶτμῖενὲὲξϋδραπ
882 739 1148 810 mdo-rolloweisscn
1166 735 1450 790 eeidcroenScbndren.
1477 735 1587 790 Draco

527 864 532 875 .
574 864 579 875 .
621 862 626 874 .
676 837 698 873 r.
774 866 780 877 .

445 935 572 988 Druelee:
601 933 716 988 Pmucb
735 933 760 999 1,
779 937 840 988 238.
878 932 1144 987 Boua-l-Scbomel
1162 930 1188 996 1,
1208 935 1268 988 188.
1307 931 1437 998 Scbleyel,
1462 929 1505 984 De
1526 931 1587 983 Uelio

501 1015 586 1068 Veteri
603 1017 645 1067 55.
683 1012 772 1080 Herm,
792 1013 928 1066 Hmm'cus
946 1012 1069 1066 Illuslrds
1086 1015 1146 1066 345.
1189 1010 1245 1080 Vol.
1265 1009 1407 1078 Sebdltqen
1426 1013 1485 1066 133.

375 1173 413 1180 —
440 1138 643 1218 indulgemus
671 1145 703 1202 et
731 1137 944 1219 permittimus
969 1137 1076 1200 habito
1105 1155 1201 1217 super
1228 1134 1287 1196 hoo
1315 1152 1473 1196 consensu
1501 1135 1588 1195 totius
1684 1151 1685 1164 ¹

295 1228 422 1310 capituli
446 1228 558 1299 nostri,
581 1228 667 1308 quod
689 1247 785 1310 supra
804 1227 887 1289 dicte
910 1224 1167 1289 sanctimoniales
1189 1225 1252 1288 sint
1272 1229 1304 1286 et
1323 1230 1528 1306 permaneant
1547 1223 1588 1284 in·

296 1324 460 1398 commate
491 1316 594 1380 ordini
617 1317 887 1396 Cystercicnsium
917 1336 991 1378 cum
1016 1315 1166 1379 omnibns
1195 1313 1319 1377 iuribus
1346 1318 1378 1375 et
1400 1311 1587 1376 libertatibus

295 1405 437 1469 ciusdem
461 1406 589 1482 ordinis,
612 1406 670 1468 hoc
692 1407 825 1474 adiecto.
852 1406 938 1487 ‹uunl
961 1405 1066 1468 abbati
1081 1405 1244 1468 Portensis
1268 1403 1451 1466 monasterii
1467 1403 1585 1483 suisque

294 1495 533 1559 successoribus
553 1495 829 1578 Noemburgensis
857 1496 1004 1576 dyocesis
1034 1499 1186 1578 perpetuo
1216 1494 1279 1556 sint
1305 1490 1447 1554 subiecte
1473 1497 1504 1555 et
1530 1498 1583 1554 buu

295 1585 387 1648 nobis
410 1604 504 1666 quem
526 1586 641 1648 nostris
665 1586 904 1650 successoribus
928 1586 1140 1668 respondeant
1156 1585 1195 1647 de
1215 1581 1339 1645 iuribus
1355 1581 1584 1666 episcopalibus
1685 1573 1686 1620 ³

294 1683 385 1757 prout
416 1676 562 1758 superius
589 1681 637 1737 est
663 1695 859 1757 expressum.
910 1675 952 1738 Ut
979 1681 1086 1737 autem
1114 1673 1268 1756 premissa
1294 1678 1363 1733 rata
1392 1682 1583 1754 permaneant

294 1771 326 1826 ct
352 1771 504 1847 perpetuo
530 1772 750 1846 perseverent,
782 1764 916 1828 eandem
946 1763 1082 1827 litteram
1115 1782 1211 1846 super
1243 1760 1406 1844 premissis
1440 1760 1583 1823 conscribi

294 1856 430 1916 lecimus
462 1863 492 1917 ct
525 1853 651 1936 sigillis,
679 1862 786 1918 nostro
816 1855 936 1918 scilicet
961 1863 993 1917 ct
1013 1853 1143 1937 capituli
1165 1853 1281 1930 nostri,
1314 1852 1346 1913 in
1381 1852 1585 1915 testimonium

295 1944 445 2006 roborari.
496 1943 608 2006 llatrrm
645 1951 676 2007 et
708 1949 814 2007 actum
842 1947 874 2007 in
899 1945 989 2007 curia
1017 1949 1124 2007 nostra
1150 1941 1340 2024 Merseburg
1363 1961 1448 2005 enno
1477 1940 1585 2004 domini
1686 1949 1687 1966 l

295 2043 568 2109 ll⁰c¹u⁰lslxlxt
584 2044 612 2097 Π
633 2053 735 2097 nonas
756 2033 844 2112 Iulii,
875 2035 1080 2116 pontificatus
1101 2033 1201 2096 nostri
1223 2051 1307 2094 anno
1328 2041 1441 2111 XHJI⁰‚
1469 2049 1587 2115 presen-

295 2121 380 2185 tibus
417 2123 551 2187 testibus
585 2124 669 2187 infra
695 2125 838 2208 scriptis:
874 2123 1050 2188 venerabili
1085 2123 1214 2187 domino
1252 2121 1419 2205 Witegone
1451 2121 1586 2205 episcope

295 2212 458 2293 Misnensi,
479 2213 806 2280 dominoBurchardo
829 2214 941 2277 abbate
954 2213 1101 2292 Cellensi,
1123 2211 1288 2296 Ludolpbo
1300 2212 1470 2295 preposito,
1490 2209 1587 2274 Kme

295 2303 414 2366 mundo
437 2305 566 2379 decano,
588 2305 738 2386 magistro
751 2303 939 2368 Geuebardo
961 2303 1157 2368 thesaurario
1169 2301 1446 2384 Nuemburgensis
1456 2299 1589 2366 ecclesie.

295 2395 444 2476 magistro
472 2393 665 2458 Theoderico
699 2396 857 2478 preposito
886 2392 1113 2472 Budesincnsi‚
1144 2392 1294 2476 magistro
1322 2389 1503 2474 Dangmaro
1528 2389 1591 2452 the·
1687 2411 1688 2418 ¹

294 2484 437 2546 sacrario
459 2483 712 2566 llcrsburgensi.
738 2485 834 2547 fratrc
855 2483 1050 2548 Heidenrico
1077 2491 1108 2546 et
1137 2483 1234 2546 tratre
1255 2481 1408 2546 Heinrico
1436 2479 1591 2545 monacbis

295 2572 507 2647 cellensibus,
535 2573 693 2637 Riclrardo
720 2581 752 2637 et
780 2573 1003 2636 'Bartholomeo
1030 2571 1181 2636 frutribus
1208 2571 1247 2636 de
1269 2569 1441 2635 Liuenowe
1470 2577 1501 2635 et
1523 2569 1589 2632 aliis

295 2682 391 2742 (ruam
412 2663 557 2762 pluribus
579 2669 641 2726 tum
661 2663 786 2726 clericis
808 2683 903 2744 quam
925 2662 1014 2726 laicis
1035 2662 1100 2725 fido
1125 2661 1237 2744 dignis.

835 2817 911 2824 .-.—...
948 2818 953 2822 .
961 2817 976 2822 -.
995 2817 1000 2822 .
1007 2817 1011 2822 .
1034 2817 1060 2822 ..-

294 2898 409 2980 1280.
1504 2898 1593 2980 268.

377 3032 520 3096 Albrccbl
542 3033 716 3115 Iuliadyrof
738 3053 796 3098 oon
821 3033 1005 3113 Tbtirinyen
1031 3033 1183 3098 beleundel
1211 3035 1262 3097 die
1290 3033 1598 3098 scdicdsricblcrliebc

336 3122 534 3203 Sollicitudo
560 3123 642 3186 eines
664 3123 790 3186 Saralos
810 3123 959 3188 zwisalten
982 3123 1051 3186 dem
1074 3122 1201 3186 Klosler
1223 3123 1329 3204 l’t'orle
1351 3123 1508 3186 einer-scits
1526 3123 1597 3184 uani

335 3213 395 3276 den
423 3212 539 3275 Aeblcn
573 3232 631 3275 oon
668 3212 830 3276 Volkerode
856 3212 925 3276 clad
952 3211 1146 3294 Rcifenstein
1174 3213 1265 3276 mmo
1290 3213 1349 3274 dea
1377 3211 1510 3276 Baetem
1538 3232 1596 3274 nm

336 3301 534 3366 Scbcoerslcdl
554 3301 760 3366 audoenem
785 3303 859 3366 iiber
888 3301 1105 3382 Weidetristen
1127 3302 1275 3366 suasmet
1297 3301 1507 3367 Hensclleheo
1529 3303 1602 3364 uml

335 3390 541 3454 Schwersledl.

446 3525 581 3658 Hdcflelrzd
595 3527 677 3658 Ινθ
699 3527 751 3592 (tit.
772 3527 849 3594 Ver),
879 3528 955 3581 nicht
973 3527 1046 3580 πιών
1064 3543 1114 3580 mn
1132 3534 1225 3592 metm,
1249 3527 1312 3580 aber
1333 3529 1390 3594 fast
1411 3527 1605 3596 ylcicbzeilairer

525 3625 542 3658 u
583 3653 589 3664 ,
652 3611 709 3661 175.

446 3721 556 3774 Drcwk:
576 3721 707 3774 Deutecb:
733 3721 817 3788 Wolff
824 3723 864 3780 11,
883 3727 944 3777 209.

376 3845 529 3908 Albcrtus
557 3845 607 3907 dei
636 3845 741 3927 gracia
763 3845 934 3926 'l'buriugie
958 3845 1154 3927 lantgravius
1176 3854 1207 3907 et
1230 3843 1387 3908 Sancum*
1410 3865 1519 3908 coines
1553 3867 1609 3929 pu-

297 3935 413 3997 latinus
435 3934 592 3996 uniuersis
609 3933 726 3998 Christi
746 3935 898 3997 fidelibus
919 3936 949 3996 in
975 3940 1172 4016 perpetuum.
1215 3933 1263 3998 Ne
1281 3933 1397 3998 abolite
1415 3935 1609 4015 questiones

296 4026 458 4087 materiam
483 4024 533 4086 rel
554 4025 752 4088 occasionem
776 4024 913 4087 habeant
933 4024 1131 4101 renascendi,
1153 4023 1257 4086 solent
1280 4044 1326 4102 ca,
1349 4043 1411 4104 quc
1430 4043 1485 4107 por
1498 4028 1610 4088 racio-

296 4112 433 4176 nabilem
463 4113 510 4175 vel
534 4112 718 4193 legittimam
744 4113 937 4177 decisionem
961 4115 1127 4176 terminata
1148 4115 1269 4177 brerint
1290 4121 1320 4177 et
1342 4115 1373 4175 in
1397 4113 1610 4180 amicabilem

294 4203 497 4265 ‹crancordiam
520 4209 673 4270 revocato.
696 4205 804 4285 scripti
828 4205 1008 4267 testimonio
1030 4204 1212 4266 confirmari
1225 4210 1257 4268 et
1268 4211 1466 4286 posterorum
1479 4210 1612 4270 noticic

295 4293 518 4355 commendari.
560 4292 702 4374 Ideoque
727 4295 984 4375 recognoscimus
1005 4303 1037 4356 et
1057 4300 1167 4357 tencre
1189 4295 1385 4377 presentium
1398 4292 1614 4360 declaramus

295 4381 451 4458 omnibus,
474 4383 590 4463 quibus
612 4403 705 4446 nosse
728 4385 1038 4466 fueritoportimum,
1060 4383 1332 4464 quodoausasive
1345 4383 1478 4464 cruesbc,
1507 4407 1613 4468 quam

295 4471 353 4534 sibi
384 4472 554 4535 movebant
589 4474 787 4536 venerabiles
817 4473 966 4536 dominus
992 4473 1090 4536 abbas
1112 4479 1143 4536 et
1163 4480 1341 4537 conventus
1363 4473 1547 4540 Fortenses
1572 4499 1612 4541 cu

294 4569 381 4645 parte
408 4580 472 4624 una
499 4568 531 4625 el
560 4563 758 4626 venerabiles
786 4563 825 4626 do
848 4563 1083 4627 Volkolderodc
1111 4563 1203 4626 etde
1225 4562 1441 4647 Ryphenstein
1466 4563 1615 4635 abbates
