3402 5152
331 393 383 450 380
700 391 931 448 Urkundenbueh
949 389 997 446 dec
1017 389 1142 448 Klosters
1161 391 1263 448 Ptorte.

332 545 438 607 comiti
468 545 604 629 prelatos
635 544 777 608 redditus
812 545 994 624 universos,
1034 545 1179 608 videlicet
1211 544 1292 607 duas
1322 560 1446 605 marcas
1479 540 1569 604 libras
1595 545 1618 599 et

332 635 499 697 dimidium
525 636 691 714 fertonem,
725 645 767 700 ΙΙΙ
796 635 912 700 solidos
940 635 1141 700 denariorum
1169 641 1200 700 el
1225 636 1320 698 simul
1347 636 1491 717 quinque
1518 645 1618 694 marcas

331 731 513 788 nostrorum
540 726 696 790 bonorum
726 726 895 789 feodalium
928 726 1057 790 collecta
1089 745 1184 788 manu
1219 747 1273 808 pro
1306 725 1456 810 nobis—et
1481 719 1620 789 omnibus,

334 835 470 898 quorum
500 818 661 894 intererat,
690 815 787 879 libere
813 818 1059 898 resignavimus,
1091 817 1186 880 nichil
1214 817 1294 880 iuris
1322 816 1414 880 nobis
1447 815 1496 878 vel
1523 811 1620 876 nostris

334 907 504 970 heredibus
536 908 568 970 in
601 907 718 969 eisdem
752 907 843 970 bonis
874 907 1051 989 aliqualiter
1085 913 1289 970 reservantes.
1341 905 1522 970 Notandum
1552 921 1623 974 sane,

335 998 418 1079 quod
449 1016 560 1059 omnes
586 997 663 1059 hosd
692 996 834 1060 redditus
862 999 894 1059 in
923 997 1138 1081 superioribus
1170 998 1315 1061 distincte
1344 995 1537 1080 specificatos
1561 1013 1621 1056 cunr

336 1087 485 1151 omnibus
516 1089 583 1150 suis
615 1089 819 1170 appendiciis
851 1088 970 1150 scilieet
993 1087 1190 1166 novalibus‚'
1206 1089 1299 1152 terris
1329 1088 1424 1150 cultis
1451 1093 1483 1150 et
1502 1085 1625 1157 incultis,

334 1179 395 1241 viis
431 1185 461 1241 et
489 1179 600 1256 inviis,
631 1179 764 1260 quesitis
795 1184 826 1242 et
852 1179 1052 1260 inquirendis
1078 1184 1173 1262 atque
1200 1199 1273 1242 cum
1302 1177 1414 1242 celeris
1442 1177 1624 1258 pertinentiis

334 1287 459 1346 eorum,
488 1287 691 1350 quocumque
718 1271 845 1332 nomine
866 1277 1067 1346 censeantur,
1094 1270 1266 1334 venerabili
1295 1270 1424 1332 domino
1449 1268 1624 1332 Theoderico

334 1358 439 1421 abbati
459 1366 490 1422 et
511 1360 681 1422 conventui
704 1360 741 1422 de
763 1359 856 1422 Porta
878 1361 1106 1443 prenominatis
1125 1381 1180 1444 pro
1202 1371 1299 1425 xxm
1322 1362 1437 1422 marcis
1458 1369 1489 1422 et
1510 1358 1625 1421 dimidia

334 1449 557 1531 Vribergensis
588 1451 710 1531 argenti
741 1450 956 1528 vendidimus,
991 1472 1085 1532 quam
1122 1453 1288 1534 pecuniam
1321 1450 1413 1514 nobis
1447 1450 1628 1532 integraliter

335 1540 526 1624 persolutam
560 1538 761 1620 presentibus
791 1539 925 1602 fideliter
956 1546 1173 1623 protestamur.
1225 1540 1264 1602 nt
1303 1542 1377 1622 quia
1410 1539 1468 1602 hee
1497 1541 1629 1623 pecunia.

334 1631 453 1692 scilieet
482 1639 577 1692 xxiii
600 1648 705 1691 marce
735 1635 765 1692 et
790 1630 934 1708 dimidia,
963 1632 1082 1694 utiliter
1110 1651 1201 1694 versa
1226 1651 1295 1694 csse
1322 1631 1497 1692 dinoscitur
1519 1631 1550 1692 in
1571 1648 1627 1690 rem

333 1727 488 1796 nostram,
514 1720 714 1800 inprecamur
742 1725 772 1784 et
798 1722 946 1802 cupimus
973 1721 1183 1804 subscriptam
1212 1722 1376 1785 ecclesiam
1398 1719 1580 1784 Fortensem
1602 1721 1628 1780 in

334 1812 395 1874 hiis
417 1810 509 1872 bonis
530 1811 751 1892 perpetualiter
772 1811 857 1894 pacis
878 1824 930 1874 ειοο
949 1813 1125 1876 securitatis
1135 1813 1299 1896 privilegio
1313 1813 1431 1895 pertrui
1448 1816 1479 1875 et
1491 1811 1628 1894 gaudere.

334 1903 435 1984 Super
456 1900 622 1964 evictionis
644 1907 750 1964 autem
774 1908 804 1964 et
824 1903 1003 1984 guarandis
1024 1903 1225 1966 cautionibus
1254 1905 1398 1966 omnium
1426 1902 1629 1984 predictorum

334 1993 535 2056 venditorum
558 1995 588 2053 et
609 1992 857 2055 contraditorum
880 1992 1054 2054 secundum
1076 1997 1157 2054 terre
1178 1990 1444 2055 consuetudinem
1463 1991 1630 2074 antiquitus

334 2085 531 2147 observatam
564 2102 622 2146 nos
650 2082 852 2165 presentibus
881 2083 1082 2162 obligamusf.
1134 2081 1176 2145 Ut
1205 2084 1303 2164 igitur
1325 2083 1450 2145 cunetis
1482 2084 1516 2144 in
1546 2099 1630 2144 evrini

334 2173 528 2257 temporibus
548 2173 605 2236 hec.
626 2174 734 2235 omnia
754 2173 845 2235 firma
864 2180 896 2236 et
916 2172 1040 2236 stabilia
1061 2177 1269 2256 perseverent,
1291 2177 1468 2254 presentem
1490 2173 1629 2254 paginam

334 2263 446 2346 sigillis
473 2265 590 2326 nostris
616 2265 770 2326 iussimus
795 2265 1001 2343 communiri,
1032 2263 1144 2344 sigillis
1170 2263 1296 2326 duobus
1327 2263 1479 2338 contenti,
1516 2259 1631 2337 singula
1679 2327 1680 2336 ἶ

336 2375 399 2418 non
423 2354 581 2418 habentes.
622 2353 729 2416 Testes
751 2354 847 2416 huius
869 2355 913 2415 rei
936 2359 1011 2416 suut
1028 2353 1232 2417 Eckehardus
1254 2353 1344 2416 miles
1366 2352 1404 2416 de
1418 2352 1523 2432 Solae,
1543 2352 1631 2414 Hein-
1679 2353 1680 2358 ’

333 2447 417 2508 ricus
439 2450 471 2508 et
487 2444 692 2507 Hermannus
715 2443 752 2505 de
776 2441 947 2525 Evirsperg
968 2449 998 2505 et
1019 2443 1071 2506 alii
1094 2463 1189 2526 quam
1212 2443 1318 2524 plures
1339 2441 1400 2506 lide
1421 2441 1520 2526 digni.
1563 2443 1632 2504 Acta

332 2540 409 2599 sunt
431 2536 487 2598 hec
509 2555 592 2597 anno
613 2535 735 2597 domini
755 2543 895 2600 M⁰cce⁰
917 2535 1037 2616 quinto,
1059 2534 1091 2595 in
1115 2533 1165 2596 die
1187 2533 1452 2598 Circumcisionis.

404 2672 702 2743 aEclrhardesbergl
796 2663 855 2726 bin
874 2671 1094 2742 hirreupesdptl'
1180 2669 1305 2724 ⁰sumus
1327 2671 1352 2723 Τ
1427 2661 1510 2726 “hos
1528 2667 1633 2740 sediti)

332 2755 435 2810 ⁸etT
504 2745 686 2823 ‘obligamus
704 2753 771 2820 seblt
790 2751 818 2805 D

861 2861 1108 2868 .—.——-—

331 2923 448 3006 1305.
474 2911 689 3004 lenuur'l.
1541 2921 1633 3002 leo.

412 3068 577 3132 Friedrich
606 3069 697 3148 Grcs
712 3087 771 3130 nou
791 3064 1000 3130 Robcnswotd
1026 3065 1177 3128 habundet
1206 3065 1267 3128 den
1293 3065 1328 3126 in
1354 3064 1410 3127 der
1430 3067 1558 3144 voripen
1585 3063 1637 3128 Ur·

376 3160 482 3223 kunde
503 3158 702 3222 bebandelteu
723 3157 869 3238 Verlcauf
883 3157 939 3220 der
960 3156 1138 3234 Einlnlnfte
1157 3155 1193 3218 c'n
1213 3153 1366 3236 Lissdorf
1382 3175 1440 3218 von
1464 3155 1569 3218 Seilea
1590 3155 1638 3216 der
1678 3171 1679 3226 q

373 3246 565 3313 Mursclidlle
586 3268 644 3310 oon
666 3247 892 3326 Eclcurtsbcrpa
913 3267 957 3308 arr
979 3247 1038 3308 dos
1060 3245 1186 3309 Kloster
1208 3244 1324 3326 Psorla

483 3375 615 3428 nocua.-
634 3375 662 3429 D
677 3381 711 3428 59
730 3377 781 3431 (io.
793 3373 998 3444 heingelon).
1039 3364 1151 3427 rravt.

483 3468 608 3522 Druclre:
632 3469 743 3602 ῗΙὸὴηιι,
762 3466 1011 3535 Herriipoaserctedt
1029 3469 1072 3520 36.
1114 3465 1203 3530 Dera,
1225 3463 1402 3532 Todtlveilunp
1420 3467 1461 3516 76.
1507 3463 1639 3517 Deutsct:

538 3550 622 3614 Wolff
641 3549 642 3554 ’
667 3589 675 3614 ‚
694 3553 753 3602 313.

413 3677 478 3740 Nos
500 3676 678 3739 Fridericus
705 3676 753 3738 dei
781 3679 881 3758 gratia
907 3695 1012 3738 comes
1039 3675 1077 3736 de
1100 3673 1301 3738 Rabcnswalt
1331 3674 1593 3751 recognoscimus
1613 3675 1639 3730 ct

333 3773 440 3831 tenore
461 3768 655 3850 presentium
678 3766 874 3829 declaramus
896 3764 1054 3843 omnibus
1077 3763 1194 3845 quibus
1216 3783 1310 3826 nosse
1327 3763 1424 3824 fuerit
1441 3771 1641 3845 oportunum.

333 3858 417 3940 quod
438 3857 590 3920 Rodolfus
612 3856 844 3937 etGerliardus,
865 3856 1037 3918 Heinricus
1058 3854 1304 3917 etHermannus
1322 3852 1435 3916 fratres
1457 3849 1639 3914 marschalci

334 3948 371 4010 de
402 3946 679 4029 Eclrehardesberg
715 3947 811 4009 libere
846 3946 938 4008 nobis
976 3951 1008 4008 et
1041 3945 1170 4007 collecta
1202 3963 1301 4006 manu
1332 3943 1539 4024 resignarunt
1571 3955 1641 4002 suos
1677 3971 1678 4038 p

333 4038 462 4100 annales
490 4037 646 4116 redditus,
677 4056 756 4118 quos
788 4036 968 4098 habuerunt
999 4037 1032 4096 in
1064 4034 1138 4097 villa
1166 4030 1388 4114 Lizingestorf‚
1418 4030 1540 4094 scilicet
1567 4030 1641 4092 diras
1677 4059 1678 4078 i

333 4147 452 4190 mareas
480 4127 576 4190 libras
598 4128 697 4190 annui
719 4147 835 4189 census
856 4125 1078 4208 Vribergensis
1100 4124 1221 4204 argenti
1242 4128 1273 4186 et
1295 4121 1464 4184 dimidium
1487 4121 1639 4184 fertonem
1677 4105 1678 4157 l

332 4237 412 4300 eque
434 4219 533 4280 annui
556 4237 672 4280 consus
685 4216 906 4296 Vribergensia
930 4217 1051 4294 argenti
1073 4221 1103 4276 et
1124 4224 1165 4277 ill
1188 4213 1305 4276 solidos
1326 4212 1533 4274 denariorum
1548 4209 1641 4274 Ecle-

332 4306 608 4388 liardcsborgensis
629 4313 754 4369 monete
778 4326 919 4368 necnon
947 4317 966 4366 V
986 4325 1108 4368 marcas
1128 4323 1260 4366 suorum
1284 4303 1439 4366 bonorum
1462 4301 1641 4367 leodalium,

333 4397 451 4480 quibus
473 4397 601 4460 nitebis
622 4396 802 4479 inplreodati
823 4397 957 4460 fuerant.
1000 4395 1067 4458 Heu
1091 4396 1172 4457 bona
1193 4395 1300 4456 omnia
1322 4394 1554 4476 suprascripta
1573 4409 1641 4453 cum

333 4489 491 4552 universis
517 4489 585 4550 suis
612 4487 818 4570 appendiciis,
845 4487 964 4548 scilicet
994 4485 1174 4563 novalibus
1206 4486 1298 4547 terris
1327 4483 1422 4548 cultis
1451 4490 1483 4547 et
1502 4481 1641 4546 incultis

334 4579 393 4640 riis
425 4583 454 4640 et
480 4579 576 4639 inviis
605 4583 699 4660 atquc
728 4597 800 4638 eum
830 4577 941 4638 ceteris
969 4595 1077 4638 corum
1100 4575 1300 4657 pertinentiis
1320 4571 1430 4656 prelati
1457 4567 1641 4637 marschalci
