3402 5152
605 399 813 464 natu-rra
835 401 911 460 1312.
970 457 976 474 „
1358 403 1409 460 417

114 573 290 620 communes
320 557 419 620 nostri
450 557 579 640 capituli
610 556 859 640 pertinentibus,
893 576 968 622 cum
1005 554 1122 620 iudicio
1155 553 1297 618 eiusdem
1328 555 1411 634 villa,

113 648 191 710 omni
216 649 286 710 iura
314 653 345 710 et
373 646 519 726 utilitate,
549 647 633 730 quod
661 648 798 730 capitulo
824 651 931 710 nostro
958 653 989 710 et
1016 646 1146 710 ecclesie
1175 651 1280 708 nostre
1301 644 1329 708 N
1335 665 1410 709 uen-

113 737 253 820 burgcnsi
276 739 414 820 conpetit
434 738 468 799 in
489 737 607 800 eisdem
632 755 688 800 sou
711 743 876 820 conpetere
896 737 1011 820 poterit
1031 737 1064 798 in
1079 736 1234 812 futurum,
1257 735 1411 816 dedimus,

111 826 306 905 donavimus,
331 826 520 891 tradidimus
544 827 782 890 honorabilibus
802 833 833 890 et
852 826 1009 909 religiosis
1031 827 1108 888 viris
1130 825 1258 888 domino
1279 825 1410 890 Alberto

112 915 208 979 abbati
241 923 271 979 et
302 918 475 980 conventui
506 917 733 981 monachornm
767 917 949 980 monasterii
980 918 1013 980 in
1042 915 1135 978 Porta
1165 914 1288 978 decreto
1314 916 1408 980 inter-

111 1007 218 1089 posito,
246 1009 430 1071 arroteritate
457 1013 489 1070 et
511 1027 668 1071 consensu
693 1007 859 1070 accedente
884 1004 1073 1070 venerabilis
1101 1006 1133 1067 in
1163 1003 1286 1067 Christo
1313 1007 1409 1089 patris

109 1117 141 1160 ac
167 1097 286 1162 domini
315 1100 413 1162 nostri
436 1097 536 1162 Vlrici
558 1105 663 1162 nostre
684 1096 949 1180 Nuenburgeusis
975 1096 1104 1158 ecclesie
1126 1095 1279 1177 episcopi,
1305 1097 1408 1175 tytulo

111 1187 214 1251 directi
235 1188 368 1252 dominii
388 1195 420 1252 et
439 1189 637 1272 proprietatis
659 1192 809 1272 perpetuo
830 1186 1036 1271 possidendos
1057 1186 1187 1248 nomine
1207 1193 1238 1248 et
1253 1187 1322 1248 iure
1335 1206 1410 1250 con-

108 1276 216 1342 cambii
244 1297 299 1340 seu
325 1279 571 1361 permutacionis
597 1287 629 1342 ot
656 1281 689 1342 in
715 1285 895 1341 restaurum
923 1295 1037 1340 novem
1069 1295 1252 1338 mansorum
1275 1278 1406 1341 sitorum

108 1367 137 1428 iu
166 1387 246 1450 pago
276 1367 349 1430 ville
372 1366 463 1430 Weta
489 1374 520 1430 et
551 1369 647 1432 trium
680 1386 864 1430 mansorum
894 1369 1025 1430 sitorum
1056 1365 1087 1428 in
1116 1387 1195 1450 pago
1226 1367 1314 1446 ville,
1345 1388 1408 1452 que

107 1455 195 1536 Opriz
218 1464 430 1542 nuncupatur.
472 1457 595 1521 Horum
619 1477 802 1522 mansorum
826 1457 959 1540 quilibet
980 1456 1073 1519 solvit
1090 1457 1255 1520 annuatim
1270 1477 1408 1522 maroam

106 1554 134 1608 et
164 1551 232 1610 octo
262 1548 374 1630 pullos.
425 1546 511 1624 eros
543 1545 671 1632 quidem
693 1567 828 1611 mansos
855 1547 1038 1610 duodecimc
1068 1547 1228 1629 predictus
1259 1549 1408 1616 dominus

105 1637 199 1700 abbas
221 1657 294 1702 cum
318 1640 462 1702 [inanimi
482 1640 644 1703 voluntate
666 1645 696 1702 et
715 1657 872 1702 consensu
894 1637 997 1700 locius
1019 1637 1069 1698 sui
1091 1638 1409 1703 conventusPorten·

105 1729 147 1790 sis
169 1725 272 1806 nobis,
297 1735 404 1792 nostre
430 1729 560 1793 ecclesie
587 1736 617 1792 et
643 1729 780 1812 capitulo
801 1727 1049 1809 Nuenburgeasi
1071 1727 1256 1810 assignavit,
1280 1731 1409 1795 donavit

105 1823 134 1881 et
155 1817 283 1881 tradidit
303 1820 407 1898 tytulo
427 1821 626 1903 proprietatis
647 1825 797 1903 perpetuo
811 1818 1017 1902 possidendos
1028 1825 1058 1880 et
1077 1818 1115 1880 ad
1131 1837 1210 1880 usus
1221 1839 1408 1884 communes

105 1909 200 1972 nostri
233 1908 362 1990 capituli
393 1911 636 1990 convertendae,
671 1908 939 1993 quemadmodum
977 1927 1130 1971 conversa
1163 1907 1289 1971 fuerant
1326 1910 1408 1976 bona

103 1999 228 2061 nostral
258 1999 290 2061 in
312 1999 460 2063 Thuswiz
491 2019 587 2084 supra
619 2003 741 2084 scripta.
790 1999 832 2062 Ut
863 2003 968 2062 autem
998 1998 1055 2060 hec
1083 2004 1191 2061 nostra
1218 1999 1349 2062 donacio
1377 2010 1408 2066 at

100 2093 263 2170 prenotata
292 2093 485 2172 permutacio
515 2097 581 2155 rata
609 2097 640 2154 et
667 2089 857 2154 inconvulsa
884 2093 1080 2173 permaneat,
1105 2106 1233 2171 presens
1255 2091 1406 2173 scriptum

99 2181 280 2244 niunimine
311 2181 407 2264 sigilli
439 2184 539 2245 nostri
570 2181 698 2264 capituli
732 2182 885 2243 iussimus
923 2181 1126 2242 communiri.
1176 2177 1283 2242 Testes
1311 2182 1408 2246 buius

98 2271 171 2332 lacti
194 2277 269 2331 sunt
290 2269 439 2333 dominus
464 2271 649 2334 cantharus
671 2270 767 2334 abbas
788 2271 888 2334 sancti
911 2268 1030 2348 licerii,
1052 2270 1201 2331 dominus
1220 2267 1408 2336 Ludeuious

98 2361 278 2443 prepositus
300 2363 398 2424 sancti
421 2361 581 2439 Maurioii,
609 2364 683 2424 item
710 2361 860 2424 dominus
880 2359 1038 2422 lohannes
1064 2359 1237 2422 canonicus
1257 2360 1408 2442 Cyoensis

97 2449 231 2513 ecclesie
252 2454 282 2512 et
304 2453 446 2515 notarius
465 2452 586 2515 domini
611 2452 756 2534 episcopi,
777 2453 851 2512 item
868 2449 1249 2513 dominnsHeiuricusde
1263 2449 1409 2516 Wizense

96 2545 129 2603 et
150 2540 301 2602 dominus
326 2539 452 2606 Vlricus
473 2543 512 2605 de
533 2541 703 2604 Botolsteto
730 2541 871 2624 perpetui
902 2541 1011 2602 vicarii
1034 2545 1139 2601 nostre
1160 2539 1303 2618 ecclesie,
1332 2543 1406 2606 item

98 2631 251 2692 dominus
274 2628 452 2695 Fridericus
473 2637 581 2696 sancte
602 2630 700 2694 llarie
723 2631 868 2712 virginis,
895 2631 1044 2692 dominus
1066 2627 1230 2692 Conradus
1250 2631 1408 2712 plebanus

97 2720 200 2782 liesti⁸
223 2719 357 2802 Otmari,
385 2724 534 2806 magister
557 2720 629 2784 Otto
656 2727 756 2783 rector
784 2721 914 2784 ecclesie
943 2721 975 2782 in
999 2718 1145 2799 Kystoria
1174 2725 1205 2782 et
1230 2722 1282 2782 alii
1311 2742 1407 2804 quam

94 2811 206 2891 plures
228 2809 288 2872 fide
310 2811 405 2895 digni.
436 2812 503 2876 Nos
525 2831 652 2895 quoquo
666 2811 792 2873 Vlricus
809 2811 858 2873 dei
875 2808 1257 2892 graoiaNuenburgensis
1278 2813 1408 2874 ecclesie

94 2901 266 2982 episcopus
286 2901 325 2963 ad
346 2904 587 2985 requisicionem
609 2903 738 2984 capituli
761 2901 859 2964 nostri
881 2902 1035 2983 prenotati
1059 2906 1090 2961 et
1105 2899 1142 2961 sd
1163 2902 1406 2982 exprimendum

95 2990 261 3052 decretum
284 2997 315 3053 et
336 2995 552 3057 auctoritatem
572 2998 603 3055 et
625 2997 770 3054 nostram
792 3010 982 3054 consensum
1000 2989 1265 3072 omnibussupra
1282 2994 1408 3075 scriptis

92 3079 271 3143 liberaliter
296 3085 480 3162 accessisse,
509 3083 649 3166 sigillum
676 3087 821 3145 nostrum
848 3082 994 3144 similiter
1020 3081 1134 3164 apponi
1159 3082 1314 3145 iussimus
1333 3083 1408 3146 huic

93 3172 215 3254 scripto
224 3173 241 3232 f.
282 3167 400 3235 Datum
424 3193 507 3238 anno
529 3174 650 3236 domini
671 3181 906 3252 n⁰ccc⁰x11⁰,
927 3173 958 3233 iu
982 3171 1034 3233 die
1049 3168 1245 3234 beateLucie
1266 3175 1408 3254 virginis,

92 3260 272 3323 indictione
292 3271 342 3325 X‘.

165 3393 393 3450 “mconabiliter
410 3395 443 3449 N
521 3387 660 3454 lTuawiz
679 3397 713 3452 N
798 3400 879 3452 ‘xn
898 3413 1010 3452 mansos
1028 3395 1060 3450 N
1147 3386 1275 3454 dnostra
1291 3400 1356 3468 [eata
1377 3399 1410 3454 N

88 3473 101 3500 ⁰
121 3471 216 3529 sancti
235 3473 268 3528 N
337 3465 423 3530 rNoa
440 3493 551 3548 quoque
562 3508 594 3518 -
605 3479 709 3548 scripto
726 3478 795 3548 folpt
812 3476 869 3545 aits
883 3477 989 3530 Datum
1009 3483 1055 3532 etc.
1074 3478 1106 3530 N

643 3653 719 3660 --.ι-
730 3653 755 3660 -ι-
771 3654 874 3660 ..—-..—-

89 3713 208 3796 1312.
237 3711 476 3798 December
491 3717 550 3800 lb.
626 3653 638 3658 ⁸
1311 3723 1405 3807 448.

179 3859 287 3924 Albert
307 3861 370 3924 Aba
389 3863 459 3924 trad
478 3864 535 3926 der
555 3863 702 3928 Konvcnt
720 3871 774 3928 des
795 3863 938 3930 Klostcrs
961 3865 1065 3949 l'sorte
1092 3868 1202 3950 ciram
1222 3873 1316 3933 anter
1335 3869 1407 3934 Ver-

135 3951 314 4031 touscbaap
334 3972 429 4032 yeyen
452 3952 563 4036 Husea
584 3955 619 4017 iu
644 3955 840 4020 Tuasclnrita
860 3958 929 4022 dem
944 3956 1144 4039 Doralcupilel
1163 3981 1205 4024 aa
1217 3959 1406 4042 Naumburp

141 4042 162 4102 9
185 4039 295 4120 Hatera
315 4043 351 4104 in
375 4041 507 4106 Wetlrou
528 4045 598 4108 trad
621 4045 833 4126 allelluia
857 4047 957 4112 Otr-ila
976 4068 1026 4112 aa.
1077 4049 1141 4130 Vyl.
1166 4049 1226 4114 Nr.
1244 4056 1318 4116 447.

246 4175 378 4232 aaran:
399 4179 443 4234 Or.
455 4179 531 4250 Prry.
552 4181 598 4248 Sp.
617 4181 663 4236 cles
677 4183 759 4237 Abies
776 4189 825 4252 yut
843 4185 971 4239 erboltca.
998 4186 1161 4256 Naumburp
1179 4187 1216 4240 D.
1229 4187 1262 4240 A.
1282 4187 1333 4246 Nr.
1344 4192 1406 4242 213.

298 4258 437 4325 Absclrrist
456 4260 494 4312 im
514 4261 573 4315 Lib.
583 4264 642 4316 rub.
657 4281 721 4332 pap.
730 4268 768 4317 23
785 4266 968 4323 eberrdoselbet.

254 4337 432 4429 Unpedraclrt.

180 4487 239 4552 Ars
260 4491 516 4572 chcnurlcrmde
534 4515 594 4558 aur
614 4483 879 4576 rorbcryclteudcu
900 4499 1017 4562 stinrmt
1041 4501 1087 4562 sie
1106 4500 1163 4562 mit
1181 4501 1282 4564 dieser
1301 4521 1406 4582 perron

78 4577 239 4658 acereta
266 4603 378 4647 ausser
403 4584 478 4647 dass
502 4585 557 4648 der
577 4586 696 4666 Ertroy
724 4589 779 4650 der
808 4591 1068 4670 ouspctousrlrten
1089 4591 1202 4672 Hufea
1230 4593 1300 4655 aad
1325 4593 1407 4656 attola
