3506 5148
658 410 778 477 Nesse.
799 411 875 474 teat.
1366 411 1416 476 48⁴2

116 563 277 632 Portensis
304 566 425 630 ordinis
444 568 671 647 Cystersiensis
698 567 834 652 quedam
861 568 958 649 bona,
989 569 1134 636 videlicet
1155 576 1218 634 tres
1240 590 1368 634 mansos
1389 577 1419 634 et

119 663 252 739 quatuor
283 677 383 740 agros,
411 659 488 721 sitos
519 677 620 722 unum
653 677 726 722 cum
758 658 887 742 pratello
919 665 950 724 et
981 679 1045 724 una
1075 679 1146 724 area
1177 661 1245 724 sive
1270 667 1358 724 curte
1384 662 1418 723 in

117 748 235 830 campis
260 755 292 810 at
321 747 393 810 villa
418 745 558 810 Trawort
586 753 617 810 et
645 768 747 812 unum
776 769 850 812 cum
880 767 953 812 area
979 751 1046 812 sire
1076 756 1164 814 curte
1193 751 1227 812 in
1249 751 1369 832 campis
1389 755 1421 812 et

117 837 381 900 villaMuscbowe
402 843 433 900 et
454 837 629 917 dimidium,
652 839 707 920 qui
729 838 983 918 dioimrAllexii‚
1005 859 1077 903 ciana
1099 839 1228 922 pratello
1244 847 1274 902 et
1288 841 1421 923 insuper

117 927 300 1006 dimidium,
323 928 376 1009 qui
400 926 461 989 fuit
480 925 636 1009 Flogeles,
654 947 726 990 cum
749 928 880 1011 pratello
902 931 935 991 in
956 931 1075 1011 campis
1097 931 1184 994 curie
1207 928 1419 1013 predictorum

117 1017 237 1080 abbatis
258 1024 288 1080 et
309 1023 500 1095 conventus,
528 1037 591 1099 que
613 1017 729 1100 Lepytz
753 1024 896 1099 vocatur,
924 1027 955 1083 et
975 1025 1111 1103 quatuor
1129 1039 1233 1101 agros,
1261 1021 1316 1102 qui
1338 1022 1420 1082 circa

117 1109 218 1172 lacum
246 1107 364 1170 dictum
395 1107 508 1190 Egelse
537 1109 588 1170 siti
618 1115 708 1186 sunt,
739 1109 871 1171 emendo
896 1129 954 1172 sna
976 1111 1111 1193 pecunia
1134 1111 1335 1194 compararint
1355 1117 1422 1172 eta

115 1199 215 1261 felicis
239 1199 464 1261 recordationis
492 1197 619 1261 domino
641 1197 780 1261 Hearico
807 1199 1025 1282 predecessore
1055 1207 1162 1262 nostro
1188 1209 1264 1262 tunc
1292 1199 1421 1262 ecclesie

116 1295 222 1352 nostre
250 1290 408 1370 episcopo,
429 1289 515 1370 -quia
545 1290 717 1372 proprietas
747 1291 991 1372 prescriptorum
1024 1289 1178 1352 bonorum
1213 1289 1252 1352 ad
1281 1297 1418 1352 nostram

115 1377 286 1462 predictam
303 1378 472 1441 ecclesiam
495 1377 678 1460 pertinebat,
698 1397 794 1460 super
813 1379 962 1462 predictis
984 1379 1075 1442 bonis
1092 1399 1250 1443 consensu
1267 1380 1421 1444 etlitteris

116 1469 278 1551 inpetratis
299 1475 600 1551 prememoratorum
624 1467 778 1530 bonorum
802 1468 997 1552 aliquamdiu
1023 1469 1105 1534 bona
1129 1469 1190 1534 fide
1211 1469 1331 1533 fuerint
1350 1489 1421 1554 pos-

116 1577 268 1638 sessores,
298 1577 357 1620 nos
385 1553 490 1620 tamen
512 1556 640 1638 prefatis
663 1557 768 1620 abbati
789 1565 820 1622 et
838 1561 1012 1622 conventui
1032 1578 1128 1643 super
1150 1560 1296 1641 predictis
1320 1561 1420 1639 bonis,

116 1665 212 1732 super
233 1648 350 1730 quibus
371 1665 562 1710 consensum
585 1649 683 1710 nostri
700 1647 829 1731 capituli
845 1667 908 1711 non
929 1648 1093 1727 habebant,
1114 1669 1242 1712 causam
1258 1659 1422 1714 moventes

116 1740 269 1823 prelibata
290 1737 371 1800 bona
393 1744 518 1820 utpote·
542 1739 611 1802 sine
636 1739 796 1801 voluntate
817 1745 848 1802 et
867 1757 1000 1802 assensu
1023 1741 1121 1801 nostri
1142 1739 1273 1822 predicti
1293 1742 1421 1824 capituli

116 1831 272 1913 aligenata
293 1829 499 1910 inpetivimus
520 1832 552 1890 et
572 1833 735 1911 tamquam
758 1837 865 1891 nostra
884 1829 975 1890 nobis
992 1829 1173 1892 nitebamur
1189 1829 1421 1912 quodammodo

120 1921 293 1983 vendicare.
338 1918 457 1981 Verum
481 1921 577 1981 variis
598 1919 783 1982 tractatibus
804 1918 1092 1982 intervenientibus
1112 1919 1237 1982 tandem
1260 1937 1333 1982 cum
1353 1939 1422 2001 pre-

117 2011 211 2074 dictis
232 2009 343 2072 abbate
364 2016 395 2071 et
411 2013 569 2071 conventu
585 2009 846 2071 concordavimus
867 2011 899 2071 in
913 2009 999 2072 bunc
1014 2009 1154 2088 modum,
1176 2009 1323 2072 ridelicet
1337 2010 1421 2092 quod

116 2119 190 2184 sepe
215 2100 270 2162 fati
298 2097 395 2161 abbas
420 2104 451 2160 et
478 2107 657 2160 conventus
686 2099 896 2180 quadraginta
916 2117 1039 2161 inarcas
1058 2097 1280 2179 Friburgensis
1301 2101 1421 2182 argenti

116 2191 210 2254 nobis
232 2191 351 2268 darent,
372 2189 530 2250 solverent
552 2207 608 2251 seu
630 2197 788 2271 pagarent
815 2197 852 2251 ut
873 2209 931 2250 nos
952 2207 1047 2251 eurise
1068 2189 1136 2252 sire
1157 2189 1334 2272 inpetitioni
1356 2207 1422 2273 pre—

114 2285 177 2345 tate
204 2281 392 2343 cederemus
417 2285 447 2341 et
477 2279 555 2361 ipsis
585 2297 680 2361 super
705 2281 893 2364 proprietate
919 2277 1142 2361 prelibatorum
1173 2279 1328 2342 bonorum
1352 2297 1422 2361 pro·

115 2373 297 2435 videremus
327 2379 357 2432 et
384 2387 574 2431 consensum
606 2371 644 2432 ad
675 2370 734 2430 hoc
766 2370 883 2432 eisdem
915 2368 1135 2431 ordinaremus
1163 2369 1261 2432 nostri
1292 2369 1422 2452 capituli

116 2463 291 2526 memorati.
333 2459 398 2522 Nos
422 2461 521 2541 igitur
546 2477 619 2541 sepe
645 2458 736 2520 dictis
758 2457 872 2536 ahtau,
894 2459 1064 2521 conventui
1087 2465 1118 2519 et
1139 2459 1329 2521 monasterio
1352 2477 1421 2542 pro-

113 2555 278 2636 prietatem
307 2557 337 2613 et
365 2551 543 2612 dominium
571 2547 649 2611 utile
678 2557 708 2610 et
734 2550 888 2612 directum
915 2567 969 2611 sen
998 2549 1221 2632 qualecunque
1251 2550 1302 2610 ius
1328 2547 1423 2623 aliud,

115 2644 201 2725 quod
233 2641 322 2704 uobis
350 2643 417 2702 sire
445 2646 551 2702 nostre
579 2639 708 2702 ecclesie
735 2640 872 2721 predicte
898 2640 931 2700 in
964 2657 1059 2720 supra
1088 2639 1212 2720 scriptis
1241 2639 1362 2699 mansis
1391 2645 1421 2700 et

113 2736 201 2816 agris
221 2751 257 2794 ac
279 2732 360 2794 areis
382 2737 413 2792 et
434 2730 572 2812 pratellis
594 2747 649 2791 seu
673 2747 781 2791 eorum
805 2730 910 2811 aliqua
931 2734 1018 2810 parta
1034 2728 1227 2809 conpetebat,
1248 2735 1278 2789 et
1291 2728 1423 2809 insuper

113 2843 214 2886 unam
238 2840 341 2884 aream
365 2820 555 2899 absolutam,
576 2821 667 2882 sitam
690 2820 722 2881 in
745 2819 882 2902 prefateh
904 2819 979 2881 villa
998 2816 1150 2895 'Pramum
1180 2837 1216 2879 ac
1236 2815 1423 2899 generaliter

112 2933 188 2976 cum
217 2910 366 2975 omnibus
391 2909 502 2972 usibus
529 2917 560 2971 et
582 2908 769 2972 utilitatibus
793 2907 1008 2990 omnibusque
1029 2907 1066 2969 ad
1089 2907 1227 2989 predicta
1251 2907 1331 2968 bona
1354 2926 1421 2987 per-

112 3001 292 3067 tinentibus
313 3019 442 3084 qiroquu
466 2999 558 3061 modo
581 2999 619 3060 de
642 3001 796 3074 unanimi,
816 2998 923 3076 libero,
945 3016 1031 3059 mero
1052 3004 1083 3058 et
1104 2997 1247 3059 absoluto
1263 3015 1421 3059 consensu

113 3093 217 3156 nostri
239 3091 367 3173 capituli
388 3089 595 3166 contulimus,
623 3088 770 3152 dedimus
799 3095 830 3150 et
857 3087 1046 3149 tradidimus
1068 3105 1103 3148 ac
1126 3085 1326 3169 presentibus
1348 3105 1422 3150 con-

111 3184 264 3260 ferimns,
292 3182 405 3243 damus
432 3187 462 3241 et
489 3178 643 3241 tradimus
665 3199 701 3242 ac
723 3179 754 3239 in
778 3179 1008 3260 possessionem
1035 3177 1287 3240 transfundimus
1306 3195 1422 3239 eorun-

113 3275 204 3351 dem,
233 3273 448 3354 promittentes
473 3287 547 3351 sepe
568 3268 661 3330 dictis
682 3267 786 3330 abbati
807 3275 838 3330 et
858 3268 1041 3345 conventui,
1063 3267 1148 3348 qrrod
1169 3267 1254 3349 ipsos
1275 3266 1423 3350 deinceps

113 3381 214 3446 super
229 3361 397 3444 premissis
418 3357 564 3420 bonisin
586 3357 674 3420 nullo
697 3357 904 3440 inpediemus‚
926 3357 1035 3420 sedin
1057 3357 1118 3418 hiis
1139 3361 1170 3418 et
1187 3356 1258 3419 aliis
1274 3357 1423 3420 omnibus

113 3456 203 3536 ipsos
232 3449 490 3535 promovebimus
520 3467 555 3509 ac
586 3449 676 3509 iuxta
706 3465 797 3509 suam
827 3448 1071 3529 oportunitatem
1106 3465 1162 3530 pro
1195 3451 1301 3508 nostro
1331 3466 1423 3529 posse

112 3543 235 3606 eisdem
267 3541 403 3604 efficacis
435 3538 628 3601 defensionis
659 3538 795 3620 presidio
825 3538 1019 3599 assistemus.
1068 3535 1147 3598 Cum
1175 3554 1249 3617 ergo
1278 3539 1421 3599 omnium

113 3634 233 3696 habere
262 3632 444 3694 memoriam
475 3629 649 3690 divinitatis
670 3629 771 3709 magis
792 3646 887 3708 quam
910 3627 1108 3690 mortalitatis
1130 3645 1200 3690 esse
1221 3626 1422 3690 enucleator⁰

111 3726 196 3787 iuris
220 3723 333 3785 veteris
353 3725 520 3796 assereret,
542 3737 581 3780 ne
603 3725 703 3780 nister
723 3719 837 3780 erroris
859 3718 975 3779 oblivio
990 3717 1139 3798 prefatam
1157 3721 1297 3778 nostram
1313 3735 1423 3798 appro-

111 3815 303 3898 priationem
327 3811 365 3875 ab
386 3811 552 3874 hominum
578 3807 730 3872 memoria
756 3807 916 3870 secludere
937 3813 968 3868 et
988 3803 1149 3888 prelibatis
1170 3803 1276 3866 abbati
1298 3813 1328 3866 et
1349 3823 1422 3866 con-

112 3906 227 3967 ventui
257 3919 352 3984 super
383 3921 419 3966 ea
447 3919 578 3978 novam,
604 3900 687 3983 quod
715 3899 813 3977 absit,
840 3898 1058 3979 inpetitionem
1086 3894 1237 3958 inducere
1266 3894 1370 3957 valeat
1390 3895 1422 3956 in

112 4001 287 4077 posterum,
306 3993 384 4075 ipsis
405 3994 436 4054 in
453 3993 679 4074 premissorum
696 3988 916 4052 certitudinem
931 3992 1107 4069 presentem
1125 3985 1261 4048 litteram
1278 3985 1424 4047 dedimus

112 4083 216 4147 nostri
249 4083 342 4164 sigilli
371 4083 564 4166 appensione
595 4080 727 4143 firmiter
757 4079 942 4141 roboratam.
990 4079 1107 4140 Actum
1138 4082 1169 4138 et
1199 4076 1308 4137 datum
1339 4093 1423 4137 anno

113 4175 237 4237 domini
259 4181 550 4250 M⁰CCO⁰XXVH⁰,
576 4171 676 4255 pridie
701 4169 852 4234 kalendas
879 4167 961 4230 Maii.
1008 4167 1114 4230 Testes
1146 4166 1242 4228 huius
1273 4166 1318 4227 rei
1350 4172 1424 4228 sunt

114 4263 221 4328 Basso
243 4265 349 4326 senior
373 4264 412 4327 de
422 4263 597 4346 Serapeion
619 4281 790 4344 germanus
811 4263 919 4322 noster
935 4257 1078 4335 dilectus,
1099 4254 1257 4318 Rudolfus
1270 4255 1309 4316 de
1319 4253 1423 4317 Kane

115 4355 242 4432 werten,
259 4351 384 4416 Vln‘ous
398 4352 588 4430 dictusBolr,
610 4351 760 4414 Albertus
780 4349 885 4412 dictus
899 4347 985 4410 Buse
1002 4354 1032 4410 et
1044 4346 1208 4410 Conradus
1223 4345 1262 4408 de
1274 4344 1424 4408 Werdere

116 4445 249 4522 militm,
275 4441 459 4507 Fredericus
488 4443 591 4505 dictus
619 4442 657 4504 de
683 4441 863 4504 Molendino
890 4447 921 4500 et
941 4438 1099 4499 lohannes
1121 4437 1160 4499 de
1181 4434 1372 4517 erabestorp
1393 4441 1424 4497 et

117 4534 224 4616 plures
247 4533 299 4595 alii
321 4533 382 4596 fide
405 4532 501 4614 digni.
544 4531 585 4594 Et
607 4551 664 4593 nos
685 4531 844 4593 Henricus
866 4529 915 4590 dei
936 4529 1038 4609 gratia
1058 4527 1246 4610 prepositus,
1266 4524 1424 4587 Rudolfus

1172 4660 1222 4714 32*
