3442 5148
599 393 706 458 hau.
725 393 767 458 45.
787 393 871 460 llat-
1358 389 1393 452 68

103 553 263 622 centesimo
285 551 492 638 nonagesimo
514 555 641 637 quinto,
666 551 857 617 indictionec
880 549 1011 634 quarta‘¹
1032 547 1163 629 decima,
1186 555 1299 631 quarto
1320 549 1393 612 idus

103 647 278 710 Novenbris.

161 781 322 837 ²admitere
397 773 445 836 bh
467 799 519 836 arsa
539 781 555 835 l'
575 783 714 852 komdpim
742 780 824 848 (uach
854 777 944 845 Posse)
1022 777 1179 831 c1di⁰tione
1201 777 1282 846 (naula
1304 778 1393 845 Posse)

103 851 220 932 lquarta
238 861 378 931 mamm
395 879 447 916 aaa
465 863 523 916 dem
542 862 765 932 ursprtinplicben
782 859 865 914 tertia
909 859 963 928 Vpl.
974 857 1025 914 Nr.
1036 861 1078 912 43.

622 1041 873 1050 m-

103 1201 205 1283 1195.
231 1200 558 1300 Echartsberga.
1327 1199 1393 1282 45.

174 1357 337 1420 Hesiona
366 1358 540 1440 Lmadpras
561 1377 620 1421 von
650 1355 832 1438 Tbiirinpcn
858 1356 999 1435 bestdlipt
1025 1355 1084 1417 dea
1111 1373 1213 1434 arepcn
1249 1353 1396 1419 Wearea-

137 1447 213 1529 dors
242 1447 391 1512 zwisalten
427 1447 548 1511 Kaiscr
588 1447 740 1510 Heinrich
768 1445 821 1510 VI.
853 1445 922 1508 aad
953 1445 1021 1506 dora
1051 1443 1174 1508 niuster
1209 1442 1315 1524 Psortc
1344 1447 1396 1509 ab

134 1537 358 1616 pambsseaen
393 1535 516 1600 Tauscb
546 1536 739 1600 hiasicbiliuh
763 1537 819 1598 dar
841 1535 953 1615 Hb'lfte
983 1535 1037 1596 des
1063 1532 1192 1615 Dorfcs,
1221 1555 1264 1596 aa
1291 1535 1346 1598 der
1364 1557 1397 1598 er

136 1625 223 1689 selbst
241 1627 292 1690 cia
313 1625 501 1690 Lelmsrccbt
519 1627 629 1708 pchubt
649 1627 712 1692 aaa
745 1625 808 1706 sz.
831 1624 891 1690 Nr.
905 1629 957 1690 43.

244 1765 378 1826 Helm:
400 1766 444 1821 Or.
451 1765 525 1836 Pcrp.
535 1783 586 1820 tun
597 1767 736 1821 Portenacr
746 1765 833 1818 Hand
842 1765 901 1833 (apl.
915 1763 1055 1831 Posse19).
1069 1763 1115 1832 Sp.
1125 1779 1164 1816 aa
1173 1763 1397 1818 rotama'deaen

289 1844 539 1992 ffim'pffm
580 1845 704 1899 Drasdea
727 1845 765 1899 H.
783 1844 821 1898 a.
838 1848 873 1900 A.
891 1843 943 1901 Nr.
959 1846 1017 1896 108.
1037 1872 1070 1880 -
1088 1841 1119 1896 D
1132 1846 1167 1896 32
1190 1843 1240 1910 (tit.
1260 1842 1394 1898 Wenzcn·

152 2003 154 2023 Ι
243 2051 369 2106 Diaeta:
388 2052 524 2118 marera,
533 2053 752 2122 Barpprafibam
763 2052 879 2106 Meiaaen
889 2055 947 2104 403.
967 2049 1027 2105 Cod.
1036 2049 1102 2117 dipl.
1114 2049 1178 2104 Sacc.
1187 2065 1239 2118 rep.
1250 2049 1275 2116 1,
1285 2049 1327 2117 H,
1338 2054 1396 2104 411.

291 2132 429 2186 Deutaclt:
455 2131 540 2200 Wolff
546 2132 572 2199 I,
581 2135 644 2190 225.
687 2131 742 2202 Vqr.
762 2131 964 2194 Patalam.
991 2127 1327 2196 BertrmbScbnmalLM.
1364 2128 1365 2131 ’

178 2255 210 2318 C.
231 2255 268 2319 In
289 2259 420 2321 nomine
442 2263 550 2322 sancte
572 2264 603 2321 et
624 2258 789 2320 individue
810 2258 967 2320 trinitatis.
999 2256 1205 2319 Hermannus
1226 2257 1277 2320 dei
1298 2259 1399 2339 gratia

105 2345 290 2428 lantgravius
320 2347 493 2430 Thuringie
524 2354 557 2411 et
586 2349 744 2432 palatinus
777 2345 923 2410 Saxonis.
975 2347 1072 2428 Apud
1103 2347 1265 2409 dominum
1298 2347 1398 2409 domi-

103 2437 239 2498 nantium
266 2443 376 2500 eterne
405 2455 464 2500 nos
487 2435 754 2500 remunerationis
784 2435 941 2518 premium
972 2439 1199 2498 oonsecuturos
1226 2455 1398 2518 speramus

104 2525 126 2585 si
146 2525 197 2606 pio
216 2525 428 2590 benivolentia
450 2527 567 2590 affectu
590 2527 809 2607 religiosorum
830 2524 1020 2586 utilitatibus
1036 2523 1233 2586 consulimus
1245 2531 1276 2587 et
1288 2544 1397 2588 eorum

105 2616 256 2677 sccuntati
283 2616 422 2695 cautela,
448 2635 511 2698 qua
531 2635 714 2700 possumus,
740 2616 773 2677 in
799 2619 961 2697 posterum
983 2614 1200 2696 prospicimus.
1241 2613 1397 2678 llidelium

104 2704 203 2784 itaque
229 2706 429 2769 universitati
455 2713 518 2768 tam
544 2707 701 2789 presentis
727 2705 819 2767 etatis
840 2723 935 2784 quam
957 2704 1063 2766 lrrture
1084 2705 1276 2785 posteritatis
1299 2705 1400 2766 mani-

105 2791 212 2855 festum
232 2813 302 2858 esse
324 2796 488 2875 volumus,
510 2797 596 2878 quod
618 2795 863 2878 gloriosissimus
884 2793 1099 2856 Romanorum
1122 2793 1293 2874 imperator
1311 2793 1399 2856 Hen-

106 2883 191 2960 ricuS,
212 2885 267 2964 qui
288 2903 327 2947 eo
349 2891 491 2970 tempore
513 2887 683 2948 marchiam
706 2884 839 2946 liberam
860 2884 891 2944 in
913 2902 971 2944 sua
981 2888 1134 2964 potestate
1146 2881 1290 2960 habebat,
1307 2883 1400 2946 nobis

104 2973 295 3050 presentibus
319 2979 352 3036 et
378 2975 487 3037 multis
514 2975 585 3038 aliis
612 2972 809 3057 principibus
834 2974 868 3034 in
896 2971 1080 3053 llugurrtial
1108 2970 1217 3033 villam
1239 2971 1399 3052 quandam

107 3059 336 3145 Wincendorph
362 3063 494 3142 dictam,
523 3084 585 3146 que
612 3063 727 3147 partim
754 3062 793 3124 ad
814 3062 1002 3139 marchiam,
1032 3061 1145 3144 partim
1172 3060 1212 3122 ad
1240 3060 1399 3124 abbatiam

106 3145 390 3234 Quidelingebnrch
427 3153 592 3233 attinebat,
632 3150 774 3214 iudiciali
804 3153 961 3214 sententia
997 3150 1133 3230 ecclesie
1164 3150 1309 3212 Portensi
1340 3150 1399 3214 sub

106 3238 190 3302 titulo
216 3241 393 3305 concambii
420 3243 555 3306 contulit
582 3242 772 3326 precedente
798 3259 956 3303 consensu
983 3240 1161 3304 Barchardi
1188 3240 1228 3301 de
1254 3239 1401 3303 Scardelt

106 3333 134 3388 et
161 3331 312 3409 omnium,
343 3333 397 3412 qui
428 3333 563 3396 eandem
592 3332 701 3394 villam
734 3331 767 3393 in
802 3329 958 3393 beneficio
990 3329 1204 3412 possederant.
1251 3329 1333 3392 Sane
1365 3337 1402 3392 ut

23 3437 24 3440 ¹
108 3415 195 3480 huius
228 3420 407 3484 concambii
439 3427 621 3486 connectas
646 3419 908 3484 indissolubiliori
934 3419 1114 3482 stabilitatis
1144 3419 1294 3482 firmitate
1326 3437 1401 3481 con-

23 3581 24 3584 ,
108 3512 198 3570 staret
216 3509 434 3592 imposterum,
455 3531 513 3576 nos
535 3511 762 3574 dimidietatem
784 3509 925 3593 predicte
946 3509 1029 3590 ville,
1052 3529 1113 3590 qne
1135 3527 1193 3571 nos
1214 3510 1283 3570 iure
1305 3508 1401 3572 bene-

23 3669 24 3672 ,
106 3595 165 3658 licii
191 3599 407 3682 contingebat,
433 3602 537 3665 eidem
564 3601 697 3666 ecclesie
724 3620 782 3684 pro
812 3600 1059 3662 commutatione
1084 3599 1252 3661 nieliorum
1278 3617 1402 3680 posses·

23 3685 24 3720 l
108 3686 238 3766 sianum,
268 3709 331 3770 que
363 3691 466 3754 Vinne
495 3693 659 3767 dicuntur,
685 3710 741 3772 pro
769 3689 908 3752 remedio
936 3691 1040 3751 anime
1072 3693 1177 3750 nostre
1207 3687 1401 3750 contulimus

107 3793 173 3838 cum
201 3779 361 3842 voluntate
392 3787 424 3844 et
446 3800 604 3844 consensu
625 3781 750 3843 comitis
773 3779 927 3841 lleinheri
950 3779 989 3841 de
1013 3777 1176 3854 Wirbene,
1204 3779 1258 3858 qui
1281 3777 1401 3839 banca

23 3851 24 3942 l
107 3865 193 3930 nobis
213 3869 280 3932 iure
301 3870 419 3932 feodali
442 3877 635 3954 susceperat,
663 3871 717 3932 sed
740 3875 772 3932 et
792 3869 955 3932 voluntate
976 3876 1009 3930 et
1027 3868 1179 3950 petitione
1201 3867 1401 3930 Cinemundi

23 3981 25 3996 ·
108 3959 143 4016 da
166 3956 299 4040 Vargala
320 3965 352 4022 et
372 3961 567 4042 reliquorum
592 3961 723 4022 fratrum
746 3960 823 4038 eius,
845 3960 899 4040 qui
921 3958 1055 4021 eandem
1076 3957 1151 4020 ville
1174 3957 1401 4019 dimidietatem

23 4059 24 4066 ¹
108 4043 142 4104 ab
172 4048 313 4127 predicto
342 4051 457 4112 comite
486 4051 555 4112 iure
586 4049 736 4112 beneficii
764 4049 978 4130 possederant.
1025 4047 1141 4109 Verum
1176 4051 1211 4108 ut
1239 4047 1298 4109 hec
1326 4065 1400 4108 con-

108 4135 216 4197 cambii
245 4139 429 4201 conslitutio
455 4139 648 4201 inviolabilis
673 4145 705 4200 et
729 4137 918 4200 inconvulsa
943 4139 975 4198 in
1001 4143 1189 4219 perpetuum
1210 4141 1402 4218 permaneat,

110 4231 279 4302 presentem
311 4227 458 4310 paginam
485 4227 580 4310 sigilli
606 4228 705 4289 nostri
726 4225 1141 4308 inpressionesignavimus
1161 4231 1193 4286 et
1214 4224 1401 4287 idoneorum

110 4313 230 4375 testium
247 4315 481 4398 subscriptione
503 4317 772 4389 confirmavimus,
794 4333 929 4396 quorum
952 4315 1081 4376 nomina
1103 4315 1160 4375 hec
1181 4322 1269 4375 sunt:
1293 4313 1402 4376 Wide-

110 4399 219 4466 ldndus
236 4403 334 4468 abbas
354 4406 387 4467 in
412 4405 501 4469 Valle
523 4407 623 4469 sancti
646 4405 787 4486 Georgii,
815 4403 879 4467 Leo
903 4411 1013 4466 cantor
1033 4403 1165 4482 ibidem,
1196 4403 1402 4466 Echehardus

111 4492 249 4573 scriptor,
276 4493 406 4558 Vlricns
434 4497 584 4578 magister
603 4495 768 4557 Teutonici
790 4494 967 4576 hospitalia,
988 4495 1097 4557 Bruno
1118 4494 1276 4571 sacerdos,
1296 4511 1403 4554 comes

112 4577 286 4645 blitherus
316 4593 349 4648 et
378 4586 441 4648 duo
474 4587 533 4648 iilii
565 4587 635 4649 eius
668 4584 852 4647 (lantherus
883 4589 915 4646 et
944 4583 1130 4662 Heinricus,
1160 4582 1333 4646 Heinricus
1364 4581 1403 4645 de
