3402 5152
309 425 361 483 350
677 425 908 483 Urkundenbuch
926 425 975 482 des
994 426 1119 484 Klostens
1137 425 1239 484 Pforte.

308 615 423 697 1301.
449 597 692 698 November
704 615 775 698 30.
801 591 1066 713 baumburg.
1522 615 1600 700 360.

389 749 453 816 Die
473 751 604 816 Brdder
622 752 790 817 Hermann
810 753 881 816 und
902 751 1055 816 Heinrich
1084 751 1212 833 Grufen
1238 771 1298 815 oon
1323 750 1478 834 Osterfeld
1507 753 1600 832 agnen

348 842 417 905 dem
437 841 561 906 Kloster
582 843 690 924 Psbrte
711 847 774 926 4¹l2
797 844 910 925 Hersen
931 845 1017 908 ncbsi
1041 847 1060 906 9
1082 842 1188 925 Hisen
1209 844 1245 906 in
1266 841 1544 916 Friedriclrsrode¹
1560 865 1600 918 eu,

348 932 400 996 die
429 931 497 996 ono
522 953 581 998 oon
610 933 758 999 cessare
782 935 953 999 demselben
980 936 1038 1014 fiir
1064 937 1109 999 24
1132 933 1232 997 Morio
1257 933 1405 1013 onkuufl
1430 934 1501 998 und
1522 933 1601 996 iliram

348 1023 550 1105 anspelaasen
581 1024 650 1104 aar,
679 1025 786 1091 rbenso
813 1028 883 1089 eine
906 1026 1023 1089 andere
1044 1023 1135 1107 ane
1154 1023 1289 1088 dasellrst
1306 1024 1388 1088 erade
1409 1023 1600 1106 Resianotion

348 1110 508 1178 Dieiricbe
527 1115 597 1178 unci
620 1114 774 1197 Geit'rods
795 1137 854 1180 oon
875 1116 1016 1180 canem
1685 1129 1687 1148 ³

460 1231 595 1287 Hiarba.-
615 1234 708 1289 Tne.
727 1233 819 1289 Dree
838 1235 891 1300 (tit.
902 1233 1138 1302 Frideriehsroda)
1157 1235 1208 1289 mit
1225 1234 1401 1304 Knrrnnpen.

458 1325 572 1381 Druck:
590 1327 723 1382 Dentacb:
751 1327 833 1396 Wolff
846 1329 888 1395 II,
905 1333 967 1383 274.
1010 1328 1066 1398 ti.
1086 1329 1187 1382 Brorm
1204 1331 1247 1382 26.

389 1451 455 1516 Nos
475 1451 683 1516 Hermannus
704 1458 736 1516 et
755 1452 929 1517 Heinrious
949 1454 1061 1517 fratres
1088 1453 1137 1516 dei
1163 1453 1269 1534 gracia
1300 1453 1430 1516 comites
1451 1453 1490 1516 de
1511 1453 1604 1516 Oster-

310 1542 365 1605 felt
394 1543 545 1608 omnibus
567 1543 681 1608 Christi
703 1544 849 1608 fidelibus
872 1547 1114 1628 imperpetuum.
1157 1542 1240 1618 Quia
1265 1547 1354 1624 gesta
1379 1541 1519 1607 fidelium
1539 1563 1605 1606 oon·
1685 1561 1687 1618 l

309 1635 401 1716 tingit
430 1635 536 1716 sepius
565 1654 621 1717 per
648 1636 804 1698 incuriam
833 1635 1000 1706 hominum
1027 1653 1229 1713 evanescere,
1254 1635 1315 1698 nisi
1337 1634 1509 1698 fulciantur
1528 1637 1604 1697 testi·
1685 1633 1687 1718 ζ

309 1726 416 1787 monio
438 1724 628 1805 litterarum,
656 1744 692 1788 oa
714 1730 839 1810 propter
860 1727 1057 1790 universitati
1078 1725 1279 1809 presencium
1308 1724 1453 1788 videlicet
1479 1731 1509 1788 et
1527 1727 1604 1788 iutu-

308 1835 416 1878 romam
453 1816 586 1898 dignum
621 1815 774 1881 duximus
813 1817 984 1896 declarare,
1025 1817 1110 1898 quod
1146 1821 1316 1880 strenuus·
1347 1816 1438 1880 miles
1469 1815 1539 1880 Otto
1572 1817 1604 1878 de

310 1907 471 1969 Gostenitz
499 1907 539 1970 de
566 1926 725 1972 consensu
752 1911 897 1992 coniugis
925 1929 982 1973 sue
1003 1909 1144 1973 Elisabet
1165 1913 1303 1992 quatuor
1323 1927 1452 1972 mansos
1473 1913 1504 1972 et
1523 1909 1605 1974 dimi·
1685 1917 1687 1950 ²

308 1996 396 2060 dium
419 1997 450 2059 in
474 1996 746 2061 Frideriohesrode
771 2019 844 2062 oum
872 2019 986 2062 novem
1009 2002 1091 2064 areis
1112 1999 1172 2064 sibi
1195 1998 1432 2078 adherentibus
1459 2001 1503 2062 ita
1530 1999 1605 2083 quod

309 2086 443 2169 quilibet
464 2087 616 2151 dimidius
636 2109 769 2156 mansus
791 2110 947 2154 annexam
972 2090 1032 2153 sibi
1054 2091 1167 2153 habeat
1188 2109 1293 2154 aream
1320 2094 1351 2153 et
1370 2087 1503 2173 quilibet
1524 2090 1607 2154 dimi-

309 2179 382 2242 dius
404 2198 536 2242 mansus
558 2186 627 2243 octo
649 2181 771 2244 modios
793 2182 928 2262 siliginis
945 2181 1174 2264 Vriburgensis
1195 2199 1345 2244 mensure
1367 2186 1398 2244 et
1415 2186 1479 2244 tres
1500 2181 1606 2244 solidos

308 2269 596 2352 Nuenburgeulsis]
632 2275 758 2334 monete
795 2292 831 2335 ao
868 2277 1005 2355 quatuor
1040 2272 1145 2356 pullos
1185 2273 1352 2336 annuatim
1389 2271 1503 2352 solvat,
1541 2291 1606 2336 cum

309 2361 459 2425 omnibus
491 2363 559 2426 suis
590 2364 795 2445 pertinenciis
828 2383 865 2426 ao
901 2362 1090 2426 utilitatibus
1123 2363 1251 2427 domino
1286 2361 1391 2426 abbati
1425 2368 1456 2426 et
1487 2363 1606 2427 ecclesie

308 2451 454 2516 Portensi
475 2473 532 2536 pro
553 2455 667 2535 viginti
689 2460 826 2536 quatuor
843 2455 958 2517 marcis
982 2455 1136 2534 vendidit,
1164 2474 1261 2536 quam
1289 2473 1448 2518 summam
1478 2474 1512 2518 so
1532 2453 1606 2517 idem

309 2541 381 2606 Otto
414 2545 590 2626 percepisse
621 2544 738 2608 latetur
771 2549 802 2608 et
829 2547 865 2608 in
896 2565 963 2608 rem
993 2563 1083 2608 suam
1113 2545 1231 2608 utiliter
1250 2546 1452 2608 convertisse.
1494 2543 1605 2609 Verum

309 2635 385 2716 quia
413 2635 552 2716 prefatus
580 2633 653 2698 Otto
682 2635 809 2698 eosdem
835 2655 965 2700 mansos
991 2655 1064 2698 oum
1089 2637 1157 2700 suis
1178 2635 1292 2700 usibus
1314 2656 1333 2698 a
1352 2634 1447 2699 nobis
1466 2636 1500 2698 iu
1523 2633 1606 2698 leudo

308 2725 424 2800 tenuit,
451 2744 533 2786 uxor
560 2729 667 2790 autem
688 2723 813 2788 Ottonis
842 2726 1006 2809 prescripti
1033 2728 1119 2809 ipsos
1139 2745 1267 2790 mansos
1289 2746 1307 2788 a
1327 2724 1419 2788 nobis
1441 2726 1510 2788 iure
1531 2725 1607 2788 dota·
1685 2729 1686 2746 ¹

308 2815 371 2876 licii
393 2813 451 2876 sibi
472 2813 620 2876 collatosb
641 2813 761 2892 habuit,
780 2816 849 2898 ipsa
870 2819 1015 2878 matrona
1036 2813 1075 2877 ad
1097 2819 1237 2877 nostram
1254 2815 1448 2896 presenciam
1468 2815 1607 2878 accersita

308 2910 339 2966 et
366 2905 518 2986 requisita
539 2909 595 2980 est,
617 2908 724 2968 utr‘rrm
746 2909 853 2968 coacta
874 2924 932 2968 seu
952 2906 1053 2968 iuvita
1074 2905 1149 2969 huic
1170 2907 1326 2988 empcioni
1349 2911 1406 2968 aut
1428 2911 1607 2989 spontaneec

309 2996 508 3058 consentiret.
550 2993 724 3076 Respondit
745 3015 778 3060 se
800 2995 980 3058 voluntarie
1000 2997 1188 3059 consentire.
1231 2995 1298 3060 Nos
1319 2997 1417 3079 igitur
1437 3001 1609 3080 prenotatos

309 3103 438 3148 mansos
466 3089 536 3167 post
564 3087 816 3167 resignaoionom
843 3085 882 3149 ab
910 3091 1047 3168 utroque
1068 3087 1242 3167 coniugum
1263 3105 1337 3149 cum
1360 3085 1429 3149 suis
1449 3085 1554 3150 liberis
1572 3085 1607 3147 ed

311 3195 425 3238 manus
452 3180 576 3238 nostras
602 3176 715 3239 iactam
745 3176 889 3240 Portensi
923 3176 1054 3239 ecclesie
1077 3178 1130 3260 pia
1158 3176 1329 3240 devocione
1356 3176 1545 3241 donavimus
1564 3175 1608 3238 otd

311 3267 584 3348 appropriavimus
614 3266 707 3330 titulo
739 3266 937 3351 proprietatis
967 3271 1117 3349 perpetuo
1148 3265 1364 3350 possidendos,
1406 3265 1487 3330 Item
1516 3285 1607 3330 unum

311 3375 475 3436 mansum,
502 3374 596 3438 quem
624 3355 833 3422 Theodericus
856 3362 888 3420 et
914 3355 1080 3420 Gelfradus
1108 3356 1146 3420 de
1167 3355 1325 3420 Luohowe
1352 3357 1387 3418 in
1409 3356 1518 3420 eadem
1543 3353 1609 3416 villa
1684 3365 1685 3368 ’

311 3466 330 3508 a
356 3444 449 3508 nobis
475 3445 624 3509 infando
647 3451 833 3526 tenuerunt,
859 3445 1034 3510 solventem
1058 3449 1224 3513 annuatim
1246 3451 1309 3510 tres
1330 3446 1469 3510 fertones
1490 3451 1521 3510 et
1540 3463 1609 3528 qua·
1684 3471 1685 3478 ¹

311 3541 384 3598 tuor
414 3536 531 3617 pullos
561 3538 780 3618 resignatione
811 3539 899 3620 prius
930 3538 969 3599 ad
1000 3557 1115 3600 manus
1142 3543 1267 3601 nostras
1299 3537 1381 3600 facta
1411 3556 1508 3620 supra
1536 3536 1609 3597 dicte

312 3625 456 3690 Portensi
478 3627 609 3690 ecclesie
629 3629 663 3688 in
687 3629 847 3710 proprium
865 3627 1030 3690 dedimus⁹
1050 3626 1202 3704 volentes,
1223 3623 1609 3690 utconventusPortensis

311 3717 483 3802 prescripta
512 3715 594 3779 bona
623 3718 730 3780 omnia
758 3737 831 3780 oum
860 3716 921 3780 sibi
949 3718 1084 3780 annexis
1114 3717 1304 3780 utilitatibus
1330 3717 1401 3780 iure
1421 3713 1611 3799 proprietatis

313 3813 461 3889 perpetuo
483 3807 639 3890 possideat
661 3808 790 3890 pacifice
811 3813 842 3870 et
863 3808 977 3889 quiete.
1019 3807 1106 3870 Huic
1132 3811 1238 3870 nostre
1268 3806 1437 3875 donacioni
1459 3803 1610 3870 consensit

310 3897 502 3960 venerabilis
531 3899 657 3960 domina
691 3897 830 3961 Elisabet
863 3899 1039 3961 comitissas
1066 3897 1104 3962 de
1131 3896 1340 3973 Rabiuswolt,
1379 3917 1476 3980 quam
1508 3893 1608 3959 eadem

311 3988 394 4051 bona
416 3989 486 4050 iure
508 3988 695 4051 hereditario
715 3986 948 4068 contingebant
991 3987 1033 4050 Ut
1054 3993 1159 4051 autem
1180 3987 1239 4050 hec
1260 3993 1368 4050 nostra
1380 3987 1513 4050 donacio
1528 3985 1610 4048 firma

311 4083 341 4141 et
372 4077 564 4141 inviolabilis
594 4085 745 4161 perpetuo
775 4082 966 4162 perseveret,
1000 4077 1081 4140 hano
1112 4077 1249 4140 litteram
1278 4077 1414 4160 desuper
1444 4077 1610 4140 confectam
1683 4079 1684 4084 ’

311 4169 488 4250 sigillorum
517 4174 696 4232 nostrorum
728 4167 975 4252 appensionibus
1000 4167 1132 4230 lecimus
1160 4165 1309 4229 roborari.
1354 4167 1433 4228 Acta
1460 4171 1533 4229 sunt
1559 4161 1610 4223 hoc

312 4261 346 4320 in
367 4257 546 4339 Nuenburg
574 4279 659 4322 anno
687 4259 807 4322 domini
829 4268 967 4323 li⁰ccb⁰
988 4259 1104 4341 prime,
1133 4257 1233 4340 pridie
1254 4255 1405 4318 kalendas
1426 4249 1610 4319 Decembris.

309 4347 416 4410 Testes
438 4356 514 4412 sunt
535 4350 683 4413 dominus
700 4348 899 4413 Christianus
921 4348 1018 4412 abbas
1040 4348 1140 4410 sancti
1153 4345 1287 4428 Georgii,
1308 4343 1419 4408 Bruno
1441 4341 1611 4426 prepositus

313 4440 440 4502 maioris
461 4439 591 4502 ecclesie
613 4441 646 4501 in
668 4439 697 4502 N
701 4439 894 4522 uonburgkss,
921 4437 1159 4501 Konemundus
1180 4437 1336 4515 decanus,
1357 4431 1526 4498 Helnricus
1547 4445 1611 4514 pre

313 4530 433 4612 positus
464 4531 498 4592 in
531 4530 644 4610 eye-eh,
686 4528 892 4593 Hermannus
923 4548 1030 4592 comes
1061 4529 1158 4591 irater
1187 4529 1309 4602 noster,
1343 4523 1548 4588 Hermanuus
1577 4515 1612 4578 de

312 4619 537 4702 Starlrenberg,
568 4619 640 4684 Otto
669 4620 708 4686 de
728 4621 899 4704 Indagine,
926 4617 1115 4683 Ludewious
1137 4618 1175 4683 da
1196 4614 1407 4694 Deinstetbet,
1433 4611 1611 4679 Dithmarus
