3442 5148
318 377 353 434 ol
689 373 921 438 Urlnmdenbuch
939 377 987 438 dea
1004 375 1131 439 Klostcrs
1149 377 1252 439 Pforte.

316 532 553 616 Helderungin,
584 533 789 598 Vdelscalcus
811 535 849 597 de
872 534 1069 616 Uizenburc,
1097 536 1270 600 Heinricus
1291 535 1484 602 marscalcus
1505 541 1537 601 et
1557 543 1620 604 tres

316 623 430 686 fratres
453 624 535 702 eius,
567 623 787 707 Her-deginuS,
818 623 1023 688 Hermannus
1051 626 1089 688 de
1115 626 1296 710 Tundorplr.
1346 629 1429 690 Acta
1457 634 1532 690 sunt
1560 629 1619 692 hec

317 732 400 776 anno
433 712 472 774 ab
503 713 719 775 incarnatione
750 713 870 775 domini
902 723 1141 790 M⁰C⁰XC⁰V⁰,
1171 716 1345 779 indictione
1376 725 1486 780 Xss11·.
1537 716 1620 781 Data

319 801 331 882 ll
352 801 661 866 Eckebardesberch.
685 802 697 883 ll

390 916 709 987 ¹mmmnm

853 1032 1102 1040 ——-—--——

317 1103 430 1186 llas.
1548 1106 1617 1188 46.

398 1236 521 1318 Ludolf
539 1235 651 1316 Propsf
671 1257 729 1300 voa
744 1237 938 1302 Kallenborn
961 1240 1141 1302 cnfscbea'def
1163 1242 1252 1303 einen
1269 1239 1362 1303 Streif
1381 1241 1531 1305 zwisalten
1552 1243 1620 1303 dem

359 1327 484 1392 Klostcr
511 1328 619 1408 Psortc
645 1329 714 1389 aad
737 1325 891 1390 Heinrdrdr
924 1348 983 1392 uon
1009 1329 1145 1409 Crampo
1172 1331 1247 1394 aaa
1279 1330 1339 1392 den
1370 1330 1506 1396 Zama
1538 1332 1622 1394 eines

364 1416 557 1496 Weinbcrpes
593 1417 628 1480 in
664 1414 794 1497 Osfmde
830 1419 896 1499 auf
924 1417 1042 1482 θνηταὶ
1072 1420 1157 1482 ciera
1183 1420 1367 1501 &barbano
1399 1423 1454 1486 des
1473 1421 1622 1502 Biscbofs

364 1506 467 1572 Uerta
488 1526 546 1568 uon
567 1505 770 1569 Hallrerstcdt
789 1504 864 1587 (Nr.
880 1506 960 1582 2112)
982 1527 1023 1572 aa
1047 1509 1191 1572 Gunsfen
1212 1508 1265 1571 des
1286 1508 1436 1572 Kbsfcrs.

466 1639 601 1698 Hdscbrs
620 1639 650 1692 D
661 1629 713 1693 15¹³
731 1641 785 1706 (tit.
800 1638 967 1710 Odisfordc).

464 1745 577 1800 Druck.-
595 1744 732 1799 Deutccb:
757 1745 879 1814 WolffI,
896 1750 957 1800 229.
992 1747 1048 1815 Vpl.
1067 1746 1191 1814 Krane,
1211 1747 1379 1816 Moaasclder
1403 1749 1460 1806 ΗΒ.
1479 1753 1541 1802 302.

396 1875 433 1939 In
455 1874 583 1936 nomine
606 1880 714 1936 sancte
736 1881 767 1936 et
785 1873 950 1937 individue
969 1875 1125 1938 trinitatis.
1157 1875 1312 1940 Ludolfus
1327 1877 1376 1939 dci
1393 1877 1495 1958 gratia
1507 1875 1622 1940 Caldo-

316 1965 486 2029 burnonsis
501 1963 634 2026 ecclesie
651 1963 795 2025 minister
811 1963 969 2026 universis
981 1964 1094 2026 Christi
1110 1965 1269 2042 fidelibus,
1291 1967 1408 2048 quibus
1423 1967 1621 2048 presentium

317 2058 414 2120 series
434 2054 623 2129 innotuerit,
653 2061 717 2115 tarn
744 2051 944 2135 presentibus
969 2073 1065 2134 quarn
1087 2056 1220 2138 posteris
1241 2056 1273 2116 in
1295 2063 1492 2138 perpetuum.
1536 2055 1622 2130 Quo-

316 2149 402 2210 niam
434 2145 483 2208 dei
514 2144 647 2206 ecclesie
679 2143 818 2224 indignis
850 2143 1038 2206 iniuriarum
1077 2145 1230 2207 molestiis
1260 2145 1448 2228 plerumque
1480 2147 1624 2226 grauiter

316 2238 517 2310 adteruutur,
548 2233 666 2295 idcirco
699 2233 840 2313 quelibet
867 2234 913 2296 eis
941 2233 1116 2298 adtinentia
1143 2237 1321 2298 necessarie
1343 2236 1522 2318 diligentie*
1544 2255 1623 2298 con·

317 2326 514 2398 scribuntur,
553 2327 603 2398 ut,
641 2323 716 2384 dum
748 2323 968 2386 fraudulenter
1007 2324 1219 2406 calumpniam
1250 2325 1390 2388 humana
1420 2325 1624 2388 machinatur

317 2415 450 2493 astucia,
474 2433 541 2476 rem
571 2413 765 2474 certissimeb
792 2412 1023 2494 proloquantrn·
1043 2415 1162 2476 annixa
1183 2415 1315 2478 veritate
1336 2416 1511 2478 litterarum
1535 2417 1624 2478 testi-

316 2505 431 2568 monia.
479 2502 616 2564 Proinde
643 2507 754 2564 notum
785 2521 853 2565 esse
881 2503 1028 2584 cupimus
1054 2511 1116 2566 tam
1144 2505 1344 2586 presentibus
1368 2523 1464 2586 quam
1492 2505 1624 2578 futuris,

319 2593 404 2676 quod
428 2593 556 2673 quidam
570 2591 742 2654 Heinricus
763 2591 801 2654 de
814 2590 952 2674 Crunrpo
974 2612 1030 2674 pru
1052 2592 1175 2656 decima
1196 2596 1287 2658 vinee
1309 2596 1344 2657 in
1355 2595 1489 2659 Osforde
1511 2614 1622 2658 coram

317 2683 409 2746 nobis
435 2681 665 2762 querimoniam
694 2680 853 2762 deposuit,
884 2681 969 2762 quod
996 2683 1110 2746 fratres
1133 2683 1301 2748 Fortenses
1320 2704 1390 2750 eam
1411 2684 1625 2766 possiderent,

317 2793 413 2854 quam
438 2773 505 2853 ipse
535 2790 553 2831 a
580 2769 711 2833 (lunone
741 2769 839 2832 milite
868 2769 900 2831 in
931 2770 1160 2834 Sutterlrusen1
1187 2775 1255 2836 iure
1284 2775 1430 2838 beneficii
1458 2774 1624 2837 liberrime

317 2862 516 2944 suscepisset.
563 2859 600 2922 In
628 2879 723 2922 cause
749 2865 855 2922 autem
887 2861 1020 2923 articulo
1053 2861 1128 2924 dum
1161 2863 1277 2926 iustam
1305 2864 1448 2927 Vdelrici
1478 2865 1625 2947 episcopi

317 2953 518 3015 donationem
549 2950 685 3012 fratrum
720 2949 923 3012 Portensium
955 2950 1194 3033 privilegiorum
1225 2953 1264 3016 de
1295 2953 1391 3016 Porta
1422 2955 1625 3016 monstrabat

317 3041 500 3118 crematos,
528 3059 601 3121 pars
627 3040 762 3103 aduersa
782 3040 1001 3122 appellationis
1027 3041 1161 3123 diffugio
1182 3043 1270 3106 litem
1290 3045 1447 3126 protraxit
1467 3049 1499 3108 et
1519 3045 1625 3107 finem

317 3131 459 3194 debitum
480 3128 726 3211 proclamatione
750 3129 934 3210 propedivit.
975 3128 1064 3192 Inter
1088 3129 1147 3192 heo
1171 3131 1319 3194 dominus
1341 3131 1501 3196 Gartolfus
1524 3151 1626 3196 rene-

316 3220 426 3284 rabilis
455 3219 734 3282 Haluerstadensis
764 3219 897 3281 ecclesie
922 3219 1089 3300 episcopus
1118 3221 1248 3284 verricus
1275 3221 1314 3283 ad
1335 3240 1409 3295 nos,
1440 3241 1512 3284 curn
1545 3241 1628 3304 pars

317 3311 415 3373 altera
435 3328 499 3370 non
520 3309 710 3392 comparuit,
732 3309 782 3370 sui
802 3308 1035 3390 predecessoris
1055 3309 1246 3374 racionabile
1268 3309 1376 3374 datum
1399 3331 1439 3376 ex
1461 3313 1626 3396 privilegii

317 3400 524 3464 adtestatione
545 3398 731 3480 approbavit
747 3404 793 3476 et,
824 3397 980 3480 quidquid
1004 3398 1080 3461 inde
1106 3405 1213 3463 nostra
1234 3401 1369 3467 ecclesia
1390 3403 1471 3466 duce
1491 3403 1629 3467 iusticia

317 3489 479 3552 deffiniret
500 3485 584 3565 (sic),
604 3487 735 3550 firmum
755 3493 787 3550 et
807 3493 911 3550 ratum
932 3488 965 3548 in
986 3494 1148 3570 posterum
1170 3509 1239 3554 esse
1262 3491 1410 3554 decrevit.
1452 3492 1519 3556 Nos
1542 3513 1627 3575 ergo

316 3579 361 3640 rei
384 3577 581 3640 terminando
603 3576 786 3659 diligentius
806 3577 1009 3640 intendentes
1031 3579 1131 3660 ipsam
1153 3580 1307 3643 decimam
1332 3582 1423 3645 vinee
1438 3601 1457 3643 a
1472 3581 1627 3647 Portensi

316 3667 451 3730 ecclesia
486 3667 567 3729 iuste
603 3685 778 3748 possessam
817 3673 898 3730 testa
931 3667 1006 3746 (sic)
1045 3668 1178 3732 ecclesia
1209 3675 1317 3733 nostra
1348 3673 1558 3752 cognorimus
1594 3682 1630 3737 et

317 3757 451 3820 eandem
482 3757 671 3819 inconcusse
703 3756 805 3818 eidem
841 3756 987 3820 Portensi
1019 3757 1152 3822 ccclesia
1181 3779 1364 3822 mansuram
1396 3761 1490 3824 banni
1519 3769 1629 3827 nostri
1709 3835 1710 3842 ,

316 3846 494 3909 munimine
522 3845 763 3924 confirmamus
790 3847 944 3927 quicquid
968 3847 1047 3908 inibi
1076 3847 1253 3930 plantatum
1280 3851 1380 3913 estin
1403 3854 1543 3933 presenti
1567 3863 1631 3918 aut

316 3938 349 3998 in
371 3936 478 3998 futuro
499 3935 596 3998 fuerit
614 3935 831 4019 plantandum.
866 3935 947 3998 Sunt
967 3942 1073 3999 autem
1095 3937 1137 3998 hii
1160 3943 1270 4001 testes:
1294 3939 1499 4004 Hermannus
1521 3942 1631 4006 abbas
1709 3961 1710 3966 ’

317 4025 356 4088 de
376 4023 638 4102 Hilsenebruch0,
663 4024 768 4104 quiet
790 4024 828 4086 de
850 4023 1130 4103 Winredeburch,²
1157 4025 1349 4092 Wilhelmus
1374 4032 1554 4112 prepositus
1586 4035 1631 4098 dc
1709 4017 1710 4100 l

316 4112 524 4192 Horinbercl,
561 4113 740 4177 Reinherus
774 4114 951 4196 prepositus
989 4115 1028 4176 de
1059 4113 1281 4196 Rusteleiben,
1312 4121 1458 4182 canonici
1490 4123 1632 4186 maioris
1709 4120 1710 4206 l

317 4203 450 4266 ecclesie
471 4201 626 4268 Ludolfus
647 4204 685 4266 de
707 4203 943 4283 Hesscnheim‘,
967 4203 1173 4266 Burohardus
1195 4205 1234 4268 de
1256 4205 1428 4287 Slatueimf,
1449 4211 1632 4277 Uuuradus
1709 4229 1710 4240 ³

318 4293 491 4355 canonicus
518 4299 625 4358 sancte
656 4293 770 4373 Maria,
800 4292 968 4356 Ounradus
999 4293 1181 4374 capellanus
1209 4297 1364 4382 episcopi,
1396 4300 1633 4366 ministeriales

316 4381 600 4464 Magdeburgensis
632 4383 765 4446 ecclesie
796 4383 978 4445 Eriufridus
1016 4382 1153 4464 dapifer,
1188 4385 1384 4452 Wernlrerus
1416 4392 1632 4475 marscalcus,
1709 4401 1710 4434 ³

316 4470 488 4536 Heinricus
514 4473 721 4552 camerarius,
748 4472 953 4535 Hermannus
979 4472 1018 4534 de
1045 4471 1197 4557 Orumpo,
1218 4475 1423 4542 Hermannus
1445 4480 1484 4544 de
1505 4481 1633 4548 Eluer-
1709 4545 1710 4568 ,

317 4563 410 4638 stete,
436 4559 647 4642 Engclbertus
673 4562 759 4644 pn‘or
784 4561 824 4624 de
852 4560 1083 4636 Caldeuburnss,
1113 4562 1271 4628 Lutlrerus
1302 4567 1500 4649 cellerarius,
1532 4571 1632 4638 Oun-
