3410 5146
302 425 353 482 102
674 421 907 480 Urlrundenbuoh
925 424 974 479 des
992 425 1118 480 Klosters
1137 421 1238 482 Pforte.

374 574 385 614 1
402 575 471 630 Dera
490 576 672 644 widanpricirt
691 575 742 634 Nr.
756 580 792 630 58
808 579 901 645 (1204)
919 593 983 631 cum
1002 593 1138 632 consensu
1156 575 1351 630 canonicorum
1370 579 1527 628 nostrorum
1543 571 1591 626 uad

302 657 411 710 rituliolr
430 655 482 710 at:
493 659 528 710 60
537 659 629 724 (1205)
647 655 706 709 aad
724 657 872 723 62(1207).
922 655 935 694 ²
959 657 1014 725 1⁷91.
1039 657 1100 712 Uria.
1118 650 1292 710 Wicirmauaa
1310 656 1449 710 carrea
1468 653 1590 722 (Lepsios,

302 735 440 802 Hociistist
457 735 618 803 Nuumlrwrp
635 739 714 803 252).-
734 736 775 790 Ea
793 744 905 807 propter
923 735 957 790 ad
977 743 1114 791 tecturam
1132 736 1279 790 aecclesiae
1294 735 1476 806 reparandam
1488 733 1592 804 singulis

302 815 382 870 annis
400 814 489 870 XXX
506 814 608 870 solidos
627 815 730 886 absque
748 817 824 870 omni
844 814 1062 870 contradictione
1082 815 1196 882 contuli,
1222 833 1340 887 quorum
1359 815 1479 868 mediam
1498 822 1592 883 partem

302 893 481 962 Hollandini,
508 894 556 966 qui
579 901 607 949 et
632 895 770 966 Flamingi
790 902 997 965 nuncupantur,
1015 895 1041 948 iu
1060 894 1191 950 cathedra
1208 895 1284 950 Petri
1302 894 1422 966 apostoli
1440 893 1593 964 persolvant.

302 973 315 1013 ³
338 974 472 1046 Magister
494 975 642 1029 Ounradus
669 976 791 1029 erudiant
813 974 864 1029 Nr.
880 979 927 1040 58,
957 975 1026 1029 wolrl
1049 975 1182 1030 identisch
1214 977 1262 1028 mit
1288 975 1346 1028 dem
1370 973 1518 1028 raicdarlrolt
1542 974 1593 1043 (τρὶ.

302 1055 431 1123 Rapiater)
451 1053 772 1124 aestuabamus
791 1054 959 1109 scolasticus,
1030 1054 1043 1092 ⁴
1068 1053 1123 1124 Vpl.
1144 1055 1194 1111 Nr.
1208 1059 1249 1109 55.

302 1349 746 1454 [1213.](ilrtober25.
774 1350 1124 1449 Rom‚Latorun.
1353 1400 1356 1408 -
1545 1351 1595 1432 a.

381 1487 482 1566 Popst
507 1487 661 1551 Iaaoceua
680 1487 783 1571 [HL]
810 1487 988 1567 beuuftropt
1012 1487 1072 1550 deu
1099 1487 1284 1568 &thiedof
1310 1507 1369 1550 von
1394 1485 1510 1550 Moiaa
1537 1484 1598 1548 aad
1685 1524 1689 1541 .

341 1577 392 1639 die
411 1576 600 1640 admuatliclre
622 1576 833 1641 Gaistlr'cirlreit
853 1577 908 1640 der
931 1577 1078 1640 Moiraaer
1096 1575 1362 1657 Kirclreuprovina
1388 1575 1456 1638 dem
1478 1573 1599 1638 Kioster
1686 1599 1688 1636 ᾳ

341 1668 450 1748 Pforte
475 1668 508 1730 iu
535 1669 642 1730 seiuea
668 1667 927 1748 Bedrrinpaisseu
951 1685 1045 1746 papea
1075 1666 1126 1729 die
1158 1665 1345 1732 Uebeltiidter
1380 1665 1536 1728 Baistund
1563 1683 1598 1730 au

342 1755 455 1820 laisteu.

453 1873 587 1928 Hasctr..·
602 1875 628 1926 Τ
643 1879 665 1928 1.

457 1979 634 2048 Uapedruclrt.

381 2103 588 2166 innocentius
610 2105 918 2186 episcopusservus
940 2123 1105 2168 serrorum
1122 2105 1182 2184 dei,
1203 2105 1439 2168 venerabilibus
1454 2105 1602 2168 fratribus

303 2191 538 2274 archiepiscopo
559 2192 797 2274 Magantineusi
819 2200 851 2256 et
872 2195 1083 2276 suffraganeis
1105 2197 1173 2258 eius
1200 2200 1232 2257 et
1259 2194 1383 2258 dilectis
1409 2195 1486 2257 filiis
1510 2194 1601 2257 abba-

303 2281 397 2358 tibus,
419 2282 591 2364 prioribus,
615 2283 753 2357 decurris,
775 2285 1006 2346 archidiaconis
1028 2292 1059 2347 et
1080 2285 1151 2346 aliis
1172 2284 1377 2347 ecclesiarum
1400 2284 1529 2367 prelatis
1549 2302 1604 2367 per

304 2369 581 2453 Maguntinensenr
607 2373 802 2454 proxinciam
835 2375 1014 2437 (rriustitutis
1047 2375 1181 2437 salutem
1213 2382 1244 2436 et
1275 2374 1478 2456 apostolicam
1510 2375 1603 2437 bene·

305 2460 484 2524 dictionem.
525 2463 596 2525 Non
620 2462 740 2544 absque
763 2464 870 2526 dolore
893 2463 997 2526 cordis
1018 2473 1050 2526 et
1070 2465 1207 2547 plurirrra
1227 2463 1407 2527 turbatione
1430 2464 1604 2533 didicimus

305 2551 392 2630 quod
406 2552 451 2614 ita
466 2552 497 2612 in
517 2552 679 2634 plerisque
695 2553 837 2636 partibus
847 2554 1060 2617 ecelesiastica
1071 2573 1207 2616 censura
1218 2553 1403 2617 dissolvitur
1413 2560 1445 2616 et
1456 2555 1606 2632 canonice

304 2641 462 2721 sententie
489 2643 642 2704 severitus
667 2649 851 2720 enarratur,
878 2646 914 2706 ut
938 2644 998 2704 riri
1017 2644 1155 2724 religiosi
1177 2649 1209 2706 et
1231 2643 1274 2705 hii
1296 2644 1449 2720 mraxime,
1477 2645 1529 2724 qui
1552 2662 1606 2726 per

305 2730 389 2792 sedis
416 2731 588 2813 apostolice
613 2733 778 2814 privilegia
798 2733 908 2794 maiori
933 2732 1039 2794 donati
1062 2739 1136 2795 suut
1153 2732 1312 2812 libertale,
1333 2734 1450 2816 passim
1473 2751 1489 2794 a
1511 2733 1606 2794 male·
1692 2789 1693 2800 ,

303 2818 477 2882 factoribus
506 2823 572 2884 suis
600 2823 733 2883 iniurias
759 2824 936 2886 sustineant
963 2830 994 2885 et
1022 2824 1163 2905 rapinas.
1186 2822 1261 2884 dum
1284 2824 1338 2884 rix
1361 2823 1530 2900 invonitur,
1552 2821 1605 2902 qui

304 2927 445 2991 congrua
468 2909 530 2974 illis
551 2913 745 2993 protectione
768 2912 936 2974 subveniat
957 2918 988 2974 et
1010 2933 1065 2994 pro
1087 2913 1224 2975 formula
1238 2931 1413 2995 pauperum
1426 2912 1605 2974 innocentia

305 3017 338 3062 sc
359 3017 487 3061 murum
510 3000 705 3063 defensionis
726 3009 871 3084 opponat.
914 3002 1099 3084 specialiter
1120 3007 1225 3066 autem
1252 3001 1359 3065 dilecti
1377 3003 1437 3064 filii
1459 3001 1556 3064 abbas
1577 3009 1606 3063 et

306 3097 482 3152 conventus
507 3090 678 3154 Fortenses
699 3092 918 3154 Cistereiensis
947 3093 1067 3155 ordinis
1088 3097 1151 3154 tam
1180 3092 1219 3154 de
1239 3091 1463 3172 frequentibus
1484 3091 1607 3154 iniuriis

307 3197 402 3258 quarn
435 3179 473 3242 de
504 3180 573 3262 ipso
605 3181 764 3243 cotidiano
796 3181 921 3244 delectu
948 3182 1074 3260 iusticie
1106 3187 1338 3261 conquerentes
1368 3181 1605 3244 universitatem

305 3274 441 3330 vestram
468 3267 581 3332 litteris
611 3271 769 3351 petierunt
794 3271 974 3354 apostolicis
1001 3272 1147 3348 excitari,
1182 3275 1217 3333 ut
1244 3271 1287 3332 ita
1315 3271 1465 3334 videlicet
1497 3271 1541 3334 eis
1573 3270 1607 3330 in

306 3356 563 3422 tribulationibus
584 3360 650 3422 suis
672 3369 783 3422 contra
804 3359 1023 3424 malefactores
1035 3381 1145 3423 eorum
1162 3367 1306 3443 prompta
1322 3360 1464 3423 debeatis
1479 3377 1605 3442 magna-

305 3447 448 3510 nimitate
478 3467 687 3530 consurgere,
723 3451 806 3530 quod
835 3450 873 3511 ab
900 3451 1068 3532 angustiis,
1099 3470 1178 3531 quas
1201 3451 1371 3530 sustinent,
1401 3455 1433 3514 et
1453 3448 1608 3532 pressuris

307 3542 411 3598 restro
448 3543 578 3619 possent
612 3538 750 3621 presidio
785 3539 949 3621 respirare.
1001 3539 1142 3619 ideoque
1178 3540 1376 3602 universitati
1411 3547 1518 3620 vestre
1550 3557 1608 3621 per

306 3625 478 3706 apostolica
509 3628 625 3710 scripta
655 3629 844 3692 mandamus
876 3635 970 3709 atque
1002 3629 1209 3711 precipimus,
1248 3634 1405 3709 (tustanus
1437 3629 1521 3706 illos,
1551 3627 1608 3708 qui

306 3716 522 3795 possessiones
560 3717 610 3779 vel
643 3737 694 3780 res
723 3738 778 3781 seu
812 3717 922 3780 domos
953 3718 1168 3800 predictorum
1198 3719 1331 3780 fratrum
1361 3718 1412 3780 rel
1445 3719 1607 3781 hominum

308 3823 438 3866 suorum
471 3807 683 3870 irreverenter
713 3809 889 3870 invaserint
920 3815 974 3870 aut
1005 3827 1042 3870 ea
1068 3808 1184 3870 iniuste
1211 3807 1420 3884 detinuerint,
1454 3825 1518 3889 que
1536 3823 1609 3889 pre-

308 3892 400 3955 dictis
429 3895 580 3958 tratribus
609 3916 648 3958 ox
679 3903 866 3960 testamento
896 3897 1116 3960 decedentium
1139 3897 1377 3978 relinquuntur,
1397 3916 1454 3960 seu
1472 3898 1503 3960 in
1523 3898 1609 3980 ipsos

306 3983 421 4046 fratres
449 3991 559 4048 contra
585 3987 759 4069 apostolice
787 3986 871 4050 sedis
896 3985 1021 4048 indulta
1052 3988 1242 4050 sententiam
1271 3985 1611 4050 excommunicationis

307 4077 362 4134 aut
382 4071 542 4137 interdicti
565 4077 815 4158 presumpserint
835 4075 1036 4158 prouurlgare
1059 4076 1110 4138 rel
1127 4075 1266 4138 decimas
1279 4075 1423 4140 laborum
1442 4073 1609 4140 seunutri-

307 4166 487 4225 mentorum
530 4165 670 4247 ipsorum
712 4167 825 4248 spretis
867 4165 1040 4247 apostolice
1076 4165 1161 4228 sedis
1198 4165 1372 4248 privilegiis
1410 4171 1610 4246 extorquere.

307 4252 481 4316 monitione
507 4255 673 4336 premisso,
700 4255 725 4316 si
754 4254 827 4316 laici
853 4254 984 4331 inerint,
1012 4252 1138 4335 publice
1159 4254 1300 4316 candelis
1320 4255 1462 4318 accensis
1483 4271 1610 4318 excom-

1682 750 1687 820 i

1681 820 1687 875 i

1684 1549 1689 1583 l

307 4341 532 4405 munieationis
553 4345 710 4406 sententia
731 4343 918 4426 percellatis,
939 4343 965 4404 si
987 4363 1063 4406 vero
1085 4343 1191 4406 clerici
1214 4344 1265 4408 rel
1286 4345 1430 4407 canonici
1448 4343 1609 4427 regulares
1692 4397 1693 4402 ,

309 4449 365 4492 seu
394 4433 540 4494 monachi
569 4435 703 4500 fuerint.
732 4453 786 4496 eos
814 4432 1022 4515 appellatione
1049 4439 1171 4497 remota
1202 4435 1240 4496 ab
1268 4435 1374 4497 officio
1401 4441 1432 4498 et
1454 4431 1609 4497 beneficio

309 4521 525 4602 suspendatis
555 4527 700 4585 neutram
728 4523 898 4586 relaxaturi
925 4523 1129 4602 sententiam,
1157 4525 1258 4588 donec
1284 4525 1436 4606 predictis
1459 4521 1609 4586 fratribus
1692 4571 1693 4596 s

309 4608 449 4691 plenarie
482 4611 689 4686 satisfaciant,
725 4615 757 4674 et
794 4619 856 4674 tam
891 4613 961 4675 laici
995 4631 1087 4694 quam
1121 4613 1227 4676 clerici
1258 4614 1431 4694 seculares,
1468 4614 1521 4696 qui
1551 4627 1610 4696 pro
1692 4611 1693 4674 ἰ
