3390 5148
580 388 786 444 Nirea-228.
809 387 883 444 1271.

230 541 365 598 annr..·
385 541 415 595 1)
432 543 467 594 28
485 540 716 606 (insensate).
749 540 772 592 Τ
789 529 865 590 101¹&

229 646 341 702 Dttoek:
359 647 496 702 Dounon·
520 647 604 714 Wolff
619 647 661 712 11,
682 650 740 699 m.
766 645 820 712 ror.
841 661 861 698 o.
882 641 1131 707 marmandam,
1151 641 1257 699 ΝΜΟ.

156 775 194 838 In
223 776 350 840 nominc
379 776 507 838 domini.
540 776 652 839 Amen.
695 775 761 838 Nos
788 773 971 836 Meinberus
999 768 1048 833 dci
1076 771 1177 852 gratia
1204 771 1383 854 prepositus

90 866 206 928 maioris
228 865 638 948 ecclcsieb'uenburgensis
659 864 807 928 omnibus
827 864 861 926 in
882 866 1078 946 perpetuum.
1111 859 1165 938 Ea,
1188 880 1249 941 que
1268 880 1383 943 gernu-

90 954 187 1018 turin
215 961 371 1036 tompore,
399 973 439 1018 ne
466 954 560 1017 simul
585 954 733 1017 labantur
760 973 833 1016 cum
860 957 1016 1034 tompore,
1044 951 1076 1012 in
1106 949 1230 1032 scriptis
1257 948 1384 1012 redacta

90 1044 255 1126 sigillorum
277 1045 427 1107 convenit
448 1045 694 1128 appensionibus
716 1043 915 1112 communiri,
937 1047 981 1116 ut,
1003 1041 1156 1122 quociens
1179 1059 1259 1122 opus
1279 1040 1384 1112 fuerit,

90 1133 218 1218 deipsis
244 1135 343 1217 possit
371 1135 441 1198 fieri
472 1135 565 1218 plena
593 1135 684 1198 fides.
727 1133 811 1196 Hinc
833 1141 893 1203 ost,
915 1132 1000 1214 quod
1022 1137 1085 1194 tam
1108 1131 1263 1212 presentis
1287 1147 1383 1210 quam

90 1223 176 1286 innui
201 1223 252 1285 eri
276 1223 458 1286 hominibus
480 1229 591 1286 notum
610 1243 679 1287 osse
702 1222 850 1286 volumus
874 1222 1041 1298 universis,
1062 1219 1146 1302 quod
1169 1221 1201 1282 in
1218 1219 1302 1298 villa,
1321 1238 1383 1302 que

92 1312 196 1396 Popal³
223 1311 352 1391 dicitur,
379 1313 439 1376 sita
465 1314 557 1376 iuxta
580 1313 747 1390 Heseiere,
774 1311 814 1374 ad
835 1311 1056 1374 Hermaunum
1078 1311 1208 1373 fratrem
1231 1315 1384 1384 insnum,

89 1402 267 1464 canonicum
296 1401 598 1486 Nuenburgensem,
625 1422 666 1466 ex.
692 1401 905 1484 assignatione
933 1399 1015 1463 bone
1037 1398 1188 1462 memorie
1211 1398 1330 1460 domiui
1353 1405 1384 1460 ot

90 1491 177 1572 patris
206 1491 305 1554 nostri
333 1489 564 1572 H[ermanni]'³,
591 1491 751 1574 quondam
779 1490 911 1574 prefecti
933 1489 1016 1554 Novi
1037 1490 1146 1565 castri,
1167 1489 1237 1551 iure
1260 1487 1384 1551 beredi-

90 1581 158 1643 tario
184 1581 375 1664 pertinente.
403 1601 549 1645 mansum
575 1601 689 1660 unum,
716 1599 811 1663 quarn
831 1579 1044 1644 Theodericus
1065 1578 1169 1641 dictus
1190 1574 1384 1654 Adsecutus,

89 1670 216 1732 rusticus
238 1670 380 1732 ciusdem
404 1671 486 1747 ville,
507 1671 632 1748 excolit,
655 1671 693 1734 de
716 1690 779 1752 quo
802 1671 897 1733 etiam
919 1687 1030 1731 manso
1051 1667 1136 1731 idem
1153 1667 1206 1729 Th.
1222 1665 1325 1730 eidem
1343 1663 1383 1728 H.

89 1759 168 1822 botri
196 1765 302 1822 nostro
331 1759 411 1823 diras
439 1781 561 1824 marcas
589 1763 687 1824 annui
709 1780 825 1824 census
854 1760 976 1823 solvere
1007 1758 1180 1836 consuerit,
1212 1757 1316 1820 dictus
1343 1755 1383 1818 H.

89 1849 177 1911 trater
203 1856 311 1912 noster
332 1851 409 1914 uiris
436 1851 599 1933 religiosis,
620 1850 822 1930 Rieinbardo]
848 1849 952 1912 abbati
975 1855 1006 1912 et
1026 1849 1197 1910 couventui
1222 1845 1384 1910 Portensis

89 1937 204 2000 cenobii
231 1937 462 2019 Cystercionsis
490 1941 622 2016 ordinis,
645 1939 909 2021 Nuenburgeusis
932 1937 1086 2019 dyocesis,
1108 1956 1164 2019 pro
1188 1935 1299 2018 viginti
1320 1953 1385 1998 una

89 2027 195 2090 marcis
208 2027 353 2090 vendidit
370 2035 401 2091 ct
415 2030 447 2091 in
466 2029 594 2094 cosdem
609 2049 683 2092 cum
700 2029 786 2090 omui
802 2029 880 2107 iure
903 2027 988 2109 qrrod
1008 2025 1092 2089 dicto
1103 2023 1143 2088 H.
1165 2025 1255 2088 fratri
1276 2031 1384 2088 nostro

89 2134 142 2178 nec
168 2134 231 2178 non
257 2117 351 2179 etiam
371 2119 452 2200 patri
474 2125 597 2195 nostro,
623 2119 700 2182 dnm
722 2119 857 2196 vireret,
886 2117 918 2178 in
940 2116 1026 2178 dicto
1046 2134 1156 2178 menso
1178 2113 1385 2196 competebat,

90 2205 242 2268 transtulit
269 2209 470 2290 proprietatis
491 2207 594 2288 tytulo
616 2212 769 2290 perpetuo
792 2204 1027 2290 possidendum.
1070 2204 1155 2268 Huic
1178 2223 1253 2274 vero
1276 2203 1386 2266 rendi-

89 2295 165 2356 cioni
191 2299 224 2358 ct
252 2297 453 2379 proprietatis
474 2298 672 2361 translationi
694 2302 802 2360 nostra
823 2305 854 2359 et
874 2298 1006 2359 fratrum
1029 2301 1210 2357 nostrorum
1234 2293 1385 2368 omnium,

91 2383 236 2448 ttuntben
260 2385 381 2449 scilicet
402 2389 546 2450 canonici
561 2387 848 2463 Halberstadensis,
870 2385 1056 2458 Burcbardi,
1078 2384 1265 2453 Hermauni,
1286 2382 1386 2445 Heiu-

91 2474 138 2535 u'ri
164 2475 298 2538 senioris
326 2482 358 2538 ct
384 2475 526 2540 Heinrici
554 2477 687 2540 iunioris
709 2477 861 2538 comitum
891 2480 939 2538 est
966 2473 1106 2536 adhibita
1130 2473 1334 2534 conniventia
1355 2477 1386 2534 ct

90 2581 264 2626 consensus.
296 2563 331 2626 In
354 2566 446 2628 cuius
464 2567 511 2630 rei
532 2567 748 2629 testimonium
772 2565 810 2626 ad
832 2565 1021 2647 peticionem
1039 2583 1113 2645 sepo
1130 2563 1206 2624 dicti
1222 2562 1262 2624 H.
1280 2562 1386 2624 fratris

91 2653 189 2729 nostri,
210 2655 356 2717 canonici
378 2655 655 2736 Nuenburpensis,
676 2659 854 2736 presentem
882 2661 1001 2716 cartam
1023 2651 1178 2716 conscribi
1200 2652 1335 2714 fecimus
1355 2657 1386 2712 ct

92 2749 189 2804 nostro
220 2762 279 2806 nec
309 2763 373 2806 non
403 2765 498 2828 supra
526 2745 682 2808 dictorum
711 2747 844 2808 fratrum
876 2751 1058 2807 nostrorum
1092 2741 1204 2824 sigillis
1235 2741 1394 2803 iussimus

90 2833 281 2898 communiri.
308 2831 376 2917 Ego
393 2835 607 2914 Burcherdus,
630 2835 705 2916 quia
726 2833 865 2916 sigillum
887 2833 1048 2916 proprium
1071 2851 1137 2894 nou
1159 2831 1264 2907 habui,
1282 2830 1385 2911 sigillo

89 2919 200 2984 domiui
221 2921 386 3004 Hicinrici]
409 2924 531 2988 abbatis
554 2925 655 2988 sancti
674 2924 801 3006 Georgii
823 2924 857 2985 in
887 2923 1065 3006 Nuenburg
1086 2942 1164 2985 usus
1185 2941 1264 2984 sum.
1304 2921 1387 2983 Actu

92 3017 158 3074 sunt
178 3013 236 3076 hec
258 3013 436 3098 Nuenburg
458 3035 541 3078 anuo
564 3017 683 3079 domini
704 3024 978 3090 M⁰CO⁰LXX⁰i⁰,
1000 3013 1173 3076 indictione
1186 3021 1294 3088 xnw,
1316 3009 1386 3074 sab-

92 3099 157 3164 bato
186 3105 332 3185 proximo
363 3111 435 3188 post
466 3104 655 3170 divisionem
695 3105 918 3189 apostolorum.
971 3104 1079 3166 Testes
1109 3103 1205 3164 huius
1236 3102 1282 3164 rei
1313 3107 1385 3164 suut

92 3188 278 3274 menorans}
308 3195 347 3258 de
370 3195 561 3278 Aldenburg
585 3197 778 3259 camerarius
809 3194 1088 3276 Nuenburgensis,
1118 3193 1267 3256 dominus
1293 3189 1386 3271 Hier-

93 3279 229 3363 mannus]
254 3285 432 3367 prepositus
452 3286 491 3349 de
513 3286 621 3360 Aken,
650 3283 819 3366 L[utoifus]
847 3293 957 3348 cantor
984 3283 1248 3364 Nuenburgensis
1274 3285 1305 3344 ct
1333 3281 1386 3342 otii

94 3387 179 3448 quron
200 3373 308 3454 piures
329 3373 401 3436 laici
423 3379 454 3437 ot
478 3375 585 3438 elerici
606 3375 670 3438 fide
693 3376 789 3458 digni.

154 3504 164 3530 ²
189 3504 311 3577 Popadcl
343 3507 368 3560 Τ
435 3497 449 3535 ¹³
475 3507 505 3561 D
524 3509 668 3578 pebrancbt
688 3509 718 3560 in
740 3507 824 3562 dieser
848 3505 975 3560 bremide
993 3505 1036 3558 nu
1054 3503 1219 3574 Abkr'orzmap
1243 3503 1273 3556 H
1297 3509 1387 3557 antor·-

92 3581 220 3640 scbiedeloa
242 3587 292 3653 fiir
316 3585 467 3642 Heinricus
491 3587 550 3641 aad
574 3587 768 3654 Hermonnus,
794 3583 920 3640 asan-read
937 3601 964 3639 es
981 3590 1055 3640 const
1074 3585 1195 3638 arataeo
1212 3582 1321 3636 Numen
1338 3583 1387 3636 mit

94 3657 127 3711 H¹
144 3679 176 3715 sn
193 3663 345 3719 &sciebam
357 3665 446 3734 ΡΜ.
474 3664 522 3718 Da
545 3665 631 3720 'l'rrn't
649 3665 679 3720 D
691 3683 779 3734 pontiu
789 3664 1004 3729 aberdonensem,
1024 3661 1180 3718 rnbsscndr'e
1191 3663 1393 3732 Abbassunpeu

93 3737 124 3790 im
143 3741 263 3812 On'pinal
279 3744 425 3813 penades
442 3746 534 3800 turbem

599 3889 848 3898 ——-.-.—-.-.-.-.—-

97 4062 190 4148 on.
217 4067 311 4150 run
339 4069 401 4151 :aa
428 4069 506 4151 nn
530 4069 714 4152 nouom.
1298 4015 1386 4147 eas.

169 4224 311 4289 Albrecbt
331 4227 507 4308 Lanrtyrot'
522 4247 579 4291 von
604 4227 785 4307 Ibiirinpcn
807 4227 905 4307 ciperet
925 4227 1004 4289 noch
1026 4224 1232 4306 Recipere-too
1253 4225 1308 4288 der
1329 4223 1388 4286 bis-

129 4310 247 4393 beripen
270 4315 408 4380 Irtbabcr
426 4318 495 4380 aad
512 4317 568 4380 oter
589 4317 718 4382 Briidcr
738 4316 903 4380 Hermoton
924 4316 992 4378 arno
1012 4315 1180 4378 Hermann
1202 4313 1389 4378 Knbnmercr

131 4403 439 4469 morbacensem
460 4405 587 4469 Ktostcr
606 4407 711 4486 Pforte
732 4407 799 4468 ciac
830 4405 927 4470 Wicsc
948 4425 991 4466 ran
1012 4404 1067 4465 der
1087 4404 1179 4466 Emse
1198 4423 1252 4479 aa,
1281 4403 1389 4466 welche:

130 4489 259 4555 {rasore
279 4513 338 4557 von
357 4493 493 4558 Karou
512 4497 581 4558 und
602 4493 753 4572 Dictricb‚
776 4495 899 4560 Sbbncn
920 4495 973 4558 ries
994 4492 1129 4558 recitanti
1148 4491 1387 4557 Meinanrer'sters

131 4576 245 4663 Helwip
263 4582 299 4646 in
321 4581 427 4662 Sortem
446 4585 578 4668 yeknnft
596 4585 659 4651 aar.
