3400 5148
507 367 557 428 Nr.
570 369 716 426 rel-136.
736 367 916 428 1252-1253.
1317 371 1366 428 157

82 521 174 608 1253.
201 521 371 606 Jonuor
397 521 456 603 14.
1279 522 1366 606 135.

142 657 293 736 Dielrich,
313 657 432 722 Plehan
454 677 513 721 von
534 657 623 720 Aller
644 655 789 737 Heilipen
810 655 862 739 [in
883 656 1026 739 Erfueil,
1048 655 1207 733 retundet,
1227 657 1369 721 dessein

109 749 251 830 Erfurter
272 747 406 828 Birrper,
428 748 561 811 Kourad
582 746 713 823 Rolsoe,
734 767 794 811 eur
815 747 957 827 Slislurep
978 747 1063 810 einer
1082 747 1281 810 Seeleumesse
1300 748 1368 810 dem

110 837 226 901 llloster
252 835 358 920 Psorle
382 839 472 900 einen
504 837 651 918 Vierdiop
677 836 726 898 als
745 835 918 917 jdhrlr'ches
945 835 1148 900 Eiokommen
1179 857 1238 899 oon
1270 839 1369 900 ciuem

112 925 285 989 lirehladen
302 925 457 989 ommachl
476 925 560 988 hehe.

213 1061 347 1118 Horon:
363 1059 392 1114 D
410 1061 461 1113 41¹>
480 1061 532 1127 (tit.
545 1058 692 1125 Erfordis).

212 1165 325 1220 orror.-
343 1165 479 1220 Deutech:
503 1165 588 1234 Wolff
602 1165 645 1232 Π,
664 1168 707 1222 66.
742 1165 797 1234 Vol.
817 1165 913 1234 cher,
937 1164 995 1219 ΠΒ.
1015 1182 1066 1218 rurs
1085 1165 1186 1232 Erflcrt
1204 1165 1229 1234 1,
1247 1169 1290 1224 87.

142 1294 180 1356 ln
203 1294 331 1356 nomine
353 1299 460 1355 sancte
483 1299 514 1355 et
535 1291 698 1354 individue
720 1291 877 1353 trinitatis.
909 1290 975 1371 Ego
987 1291 1199 1356 Theodericus
1214 1293 1368 1376 plebanus

79 1381 109 1444 dc
136 1381 291 1444 Omnibus
327 1381 458 1461 sanctis,
499 1382 640 1446 notarius
676 1380 867 1442 venerabilis
899 1379 1019 1442 domini
1050 1379 1229 1463 Ger[ha1·di]
1260 1390 1367 1446 sancte

79 1469 249 1551 lloguntine
272 1471 356 1534 sedis
377 1471 614 1554 archiepiscopi,
634 1475 746 1532 notum
766 1469 849 1532 facio
866 1470 1024 1532 universis
1039 1477 1220 1553 presentem
1232 1472 1368 1538 litteram

79 1559 270 1642 inspecturis
298 1559 383 1641 quod
412 1560 542 1642 quidum
571 1559 739 1622 Cunrudus
766 1565 976 1640 cognomento
1003 1557 1132 1640 Rotsuc,
1159 1561 1238 1623 civis
1260 1559 1368 1624 Erfur-

79 1648 185 1730 densis,
217 1649 256 1712 de
287 1667 446 1712 consensu
476 1649 586 1712 uxoris
618 1668 674 1712 sue
708 1649 882 1712 Adelhedis
909 1655 940 1711 et
968 1647 1183 1730 quorumhbet
1213 1650 1367 1714 heredum

78 1757 194 1801 snorum
209 1738 342 1802 ecclesie
359 1737 506 1801 Portensi
527 1737 756 1818 Cystereiensis
778 1737 906 1816 ordinis,
928 1736 1192 1818 Nuenburgensis
1214 1738 1368 1820 dyocesis,

78 1826 182 1908 legarit
209 1829 366 1890 fertonem
398 1828 521 1910 argenti
551 1827 686 1909 singulis
717 1829 809 1890 annis
835 1827 874 1890 de
903 1827 1040 1908 quadem
1071 1845 1212 1908 camere,
1242 1829 1275 1890 in
1306 1849 1369 1910 quo

78 1917 247 1979 renduntur
267 1917 365 2000 panni
385 1916 484 1995 lanei,
507 1935 602 1998 qnam
624 1917 794 1980 Bertoldus
816 1917 855 1979 de
877 1916 1054 1979 Hochheim
1076 1935 1164 1979 anre
1185 1919 1255 1980 iure
1278 1919 1376 1982 here-¹

79 2005 177 2068 [lilerio
198 2007 326 2090 recepit,
348 2005 406 2069 snb
428 2008 486 2069 hac
507 2007 618 2084 formo,
640 2006 726 2086 quod
748 2005 786 2068 de
809 2006 920 2068 eodem
942 2007 1066 2069 fertone
1082 2005 1222 2088 predicte
1235 2007 1368 2071 ecclesie

78 2097 237 2158 conventui
270 2097 304 2157 in
332 2095 440 2178 vigilia
468 2095 640 2158 nativitatis
672 2093 764 2158 beate
791 2096 923 2177 virginis
950 2095 1110 2179 persoluto
1138 2097 1308 2159 servicium
1335 2099 1368 2159 in

78 2185 281 2247 anniversario
303 2185 367 2246 ium
388 2185 463 2247 dicti
481 2183 622 2247 Cunrndi
645 2183 797 2264 defuncti,
819 2184 903 2266 quod
924 2185 958 2246 in
981 2193 1092 2248 octavu
1113 2185 1256 2249 eiusdem
1277 2187 1368 2251 beate

78 2271 197 2355 virginis
219 2274 366 2350 occurrit,
386 2279 538 2356 perpetuo
559 2273 766 2351 ministretur,
786 2273 1073 2354 fratrumsuorum,
1096 2273 1368 2339 videlicetWem-

79 2361 136 2423 hen'
161 2363 235 2425 dicti
262 2361 404 2441 Hoihen,
435 2361 580 2425 Heinrici
605 2369 637 2425 et
662 2361 818 2438 Cunrudi,
851 2381 1009 2426 consensu
1035 2363 1170 2426 iimriter
1189 2365 1368 2430 accedente.

81 2449 115 2511 Ut
141 2459 244 2514 eutem
271 2452 329 2514 hec
358 2458 421 2514 tarn
447 2453 531 2514 iusta
557 2457 588 2515 et
613 2451 809 2514 rationabilis
837 2452 964 2514 donatio
992 2453 1086 2514 firma
1118 2473 1242 2536 semper
1270 2461 1301 2518 et
1320 2457 1369 2518 in-

80 2541 222 2604 violabilis
249 2548 443 2624 perseveret,
468 2545 649 2625 presentem
678 2541 815 2604 litterum
841 2541 944 2624 sigillo
977 2561 1048 2604 meo
1075 2543 1182 2606 studui
1211 2543 1368 2608 roborare.

78 2627 174 2692 Testes
203 2637 277 2694 sunt
302 2631 451 2694 monachi
478 2629 692 2693 Heidenricus
713 2638 744 2693 et
766 2630 961 2710 Guntherus
983 2634 1128 2695 conversi
1150 2633 1317 2698 Cunrudns
1339 2642 1371 2698 et

80 2717 233 2799 llerlucns,
259 2718 435 2802 burgenses
462 2719 630 2783 Cunredus
662 2719 746 2782 Saxo
776 2727 807 2782 et
834 2721 1010 2784 Gisilherus
1038 2723 1166 2802 iratres,
1197 2723 1370 2786 Heinricus

80 2805 163 2886 Saxo,
183 2809 391 2880 Gothscolcns
411 2808 541 2891 Longus
563 2817 595 2872 et
614 2809 710 2891 Hngo
730 2810 818 2872 iilius
839 2811 917 2888 eius
937 2809 1150 2873 Theodericus
1171 2809 1369 2894 burgravius,

80 2895 206 2962 ottone
232 2897 336 2976 Rode,
363 2898 533 2962 Gunrodus
555 2897 727 2977 Selicmen,
755 2898 925 2962 Bertoldus
951 2902 990 2963 de
1013 2899 1153 2980 Guttirn,
1185 2901 1369 2966 Guntlrcrus

80 2985 173 3050 iunior
204 2988 448 3066 Vicedonrinus,
477 2987 665 3070 Hartungus
696 2989 735 3050 de
764 2989 859 3068 (loto,
887 2988 1058 3051 Volmurus
1087 2990 1126 3052 de
1154 2989 1234 3052 Geta
1259 2999 1291 3054 ct
1316 2993 1370 3055 olii

80 3093 164 3153 quam
198 3079 314 3162 plures
366 3079 448 3140 Actu
484 3083 558 3140 sunt
596 3079 654 3141 hec
692 3097 775 3140 enno
812 3079 932 3140 domini
971 3078 1215 3160 n⁰cc⁰n⁰ffl⁰,
1255 3079 1370 3146 Felicis

79 3163 109 3223 in
130 3165 235 3231 Pincis.

594 3295 841 3304 ffl—

80 3411 180 3497 1253.
204 3416 313 3498 Jurn
339 3415 407 3498 30.
1280 3420 1369 3504 leo.

150 3551 255 3618 Alter
264 3550 408 3616 Dechonl
427 3553 497 3617 urrd
516 3551 658 3618 Dieirich
672 3553 882 3618 scholasticus
902 3551 956 3616 des
971 3550 1188 3636 Marienstifts
1198 3555 1233 3618 in
1243 3557 1369 3639 Erful'l,

117 3641 385 3724 conperpetuum
406 3642 514 3707 ›Sluhle
533 3643 662 3708 desidite
683 3643 817 3720 Richter,
838 3642 1000 3707 helcunden
1021 3643 1081 3706 den
1100 3644 1233 3724 Sprooh,
1254 3646 1314 3710 den
1334 3648 1370 3710 iu

118 3731 205 3794 einen
225 3733 338 3797 strete
356 3733 507 3798 croisehen
533 3735 593 3798 den
614 3733 764 3798 nostem
786 3733 892 3812 Psorte
916 3733 985 3796 und
1013 3733 1276 3799 Wechterswinlrel
1294 3737 1371 3801 tiber

117 3821 161 3882 die
189 3843 246 3885 von
274 3823 423 3887 leteterem
454 3843 498 3886 on
530 3828 657 3887 ersteres
682 3825 867 3904 verlouofteu
889 3821 1101 3902 Besileuupcn
1127 3825 1163 3886 in
1184 3824 1371 3890 Leutenlhul

119 3911 177 3972 ond
203 3911 458 3976 Sachseuhausen
480 3935 539 3978 oon
566 3913 673 3977 beiden
703 3914 848 3976 Periclen
875 3916 1027 3976 mnounte
1057 3911 1295 3978 Schiederichter
1321 3937 1370 3998 ye-

118 3997 185 4064 tlan
203 4001 310 4066 hohen.

217 4135 350 4190 Hdoohm
371 4135 396 4190 T
408 4141 469 4193 256.
506 4131 508 4136 ¹

217 4239 328 4296 Druclc:
346 4241 480 4297 Deutech:
504 4242 588 4311 Wolff
602 4241 644 4311 II,
665 4247 707 4298 63.
744 4242 798 4314 Vyl
817 4243 988 4312 Betheem,
1013 4244 1070 4301 UB.
1088 4263 1138 4300 um
1155 4245 1291 4302 Arnutodt
1307 4251 1332 4307 8.

154 4363 188 4428 In
219 4371 345 4432 nomine
378 4371 506 4434 domini.
535 4375 651 4442 Amen.
693 4373 760 4435 Nos
792 4372 945 4436 hibertus
970 4373 1123 4449 decanus,
1157 4373 1370 4440 Theodericus

85 4452 253 4521 scolasticus
273 4459 497 4544 sonctchlarie
516 4463 550 4524 in
571 4461 733 4542 Eriordia‚
752 4463 876 4525 iudices
899 4481 917 4524 o
937 4463 1012 4525 sede
1033 4463 1205 4545 apostolica
1225 4464 1370 4546 delegati,

87 4541 228 4610 universis
248 4547 362 4612 Christi
389 4551 539 4616 fidelibus
567 4553 600 4614 in
620 4562 818 4636 perpeturnn.
859 4553 978 4616 Notum
1000 4571 1069 4616 esse
1092 4554 1252 4634 volumus,
1275 4557 1378 4642 quod„
