3410 5146
310 381 344 463 tt
684 402 914 466 Urknndenbuch
931 411 980 466 dos
998 411 1123 467 Klosters
1141 411 1243 470 Pforte.

309 559 424 642 1203.
1550 563 1609 645 aa.

391 697 565 778 Lartdpraf
582 698 747 762 Hermann
772 718 831 762 oon
856 698 1038 778 dera’apen
1064 700 1164 779 ripaei
1183 698 1251 761 dara
1273 697 1400 762 Klostar
1421 698 1530 778 Psorta
1550 699 1613 762 eine

352 784 440 866 Hafa
464 787 499 850 ia
526 788 687 852 Eberstadt
711 809 766 859 aa,
798 789 849 850 dia
876 790 943 851 seia
975 787 1168 851 Ministarial
1196 787 1321 870 Ebelolf
1341 808 1399 852 oon
1420 787 1611 851 Beadeleben
1693 799 1694 878 l

350 875 519 942 damatam
539 878 598 959 fair
619 882 660 942 15
684 878 782 942 Mario
802 878 948 960 veritoaft
968 879 1029 942 aaa
1693 885 1694 896 ¹

462 993 594 1054 aaaar..·
616 995 711 1050 rar.
740 996 769 1049 1)
783 991 854 1050 100⁰
873 997 924 1063 (a.
939 995 1088 1064 abssas)
1111 997 1147 1050 at
1170 997 1283 1064 amaa
1304 998 1444 1066 sapsam
1466 995 1527 1050 «aaa
1552 997 1614 1050 aar
1693 953 1694 1006 ³

510 1075 675 1129 mastallici
692 1077 769 1130 cinca
785 1091 893 1145 proaem
915 1076 992 1130 Tbetl
1008 1076 1056 1130 dar
1073 1077 1179 1146 Zaapaa
1195 1093 1256 1146 coep.
1693 1091 1694 1114 t

460 1181 574 1234 Dmclt:
593 1180 725 1235 Deuttcb:
749 1181 873 1250 WolffI,
893 1182 956 1236 246.

392 1285 428 1348 ln
466 1287 596 1349 nomino
633 1294 742 1350 sancte
781 1293 813 1351 et
848 1287 1013 1350 individue
1046 1287 1219 1350 trinitans.
1270 1287 1477 1352 Hermannus
1509 1289 1614 1352 divina
1693 1327 1694 1330 =

310 1376 437 1438 favento
465 1375 640 1440 clemencia
664 1377 837 1459 Thuringie
865 1377 1062 1460 lantgravius
1089 1384 1121 1440 et
1144 1376 1282 1441 Saxonis
1313 1376 1420 1440 comes
1449 1378 1614 1460 palatinus.

309 1466 360 1528 Ad
393 1465 451 1528 heo
483 1465 575 1529 nobis
609 1486 627 1528 a
658 1466 767 1530 divina
796 1468 941 1550 largitate
973 1472 1097 1530 terrene
1127 1467 1290 1550 potestatis
1314 1469 1434 1550 apicem
1464 1468 1614 1531 collatum
1693 1511 1694 1554 p

309 1557 546 1637 cognoscimus,
573 1561 608 1618 ut
636 1555 787 1620 ecclesias
814 1557 929 1620 Christi
958 1564 991 1620 et
1010 1559 1152 1640 ipsarum
1175 1557 1344 1620 bonafide
1367 1562 1399 1620 et
1419 1559 1503 1622 iusto
1526 1559 1616 1621 titulo
1693 1577 1694 1636 3

310 1645 482 1726 acquisitas
496 1647 713 1727 possessiones
732 1653 764 1710 et
785 1665 945 1729 possessas
967 1647 1175 1730 proprietates
1194 1653 1305 1709 contra
1324 1646 1481 1710 violentas
1498 1648 1617 1731 impro-

311 1733 423 1796 borum
454 1734 678 1799 infestaciones
710 1741 799 1799 scuto
830 1737 955 1799 iusticie
987 1736 1199 1800 defensemus.
1244 1735 1324 1798 Inde
1350 1741 1410 1813 est,
1443 1737 1530 1817 quod
1561 1757 1617 1800 nos
1693 1747 1694 1812 l

310 1823 510 1885 universitati
547 1823 693 1886 fidelium
731 1829 796 1886 tam
831 1825 987 1907 presentis
1023 1826 1115 1887 etatis
1153 1843 1248 1904 quam
1284 1823 1392 1888 future
1424 1828 1617 1908 posteritatis

310 1912 514 1975 manifestum
537 1932 607 1976 esse
628 1914 786 1990 volumus,
809 1914 895 1994 quod
916 1913 1078 1978 Portensis
1100 1913 1233 1978 ecclesie
1255 1912 1369 1977 iratres
1390 1914 1463 1976 data
1481 1918 1617 1998 pecunia
1693 1955 1694 1958 =

311 2001 495 2082 quindecim
516 2021 696 2067 marcarum
716 2023 864 2066 mansum
885 2005 1040 2067 nnumin
1061 2003 1236 2067 Eberstede
1258 2005 1422 2067 annuatim
1444 2005 1496 2068 vel
1518 2007 1617 2070 talen-

310 2097 378 2154 tum
406 2091 457 2155 vel
485 2097 549 2155 tres
572 2093 725 2156 frumenti
756 2113 921 2157 mensuras
952 2093 1174 2156 Erlordienses
1201 2091 1376 2158 solventem
1404 2093 1443 2156 ab
1472 2095 1618 2178 Egelolio
1693 2167 1694 2170 Ἴ

311 2181 350 2244 de
375 2181 593 2246 Bendeleiben
620 2185 820 2247 ministeriali
848 2189 957 2247 nostro
984 2185 1033 2247 etb
1062 2202 1164 2247 uxore
1194 2183 1263 2247 eius
1288 2183 1525 2266 heredibusque
1552 2188 1619 2248 suis

310 2271 590 2335 consencientibus
618 2281 812 2337 coemerunt.
863 2273 982 2350 Quem⁰
1009 2292 1156 2336 mansum
1186 2293 1271 2336 uxor
1298 2272 1442 2337 eiusdem
1472 2273 1621 2357 Egelolli,
1693 2301 1694 2346 t

310 2451 419 2532 gnavit
440 2469 477 2514 eo
501 2452 698 2517 condicionis
720 2459 844 2531 tenore,
876 2459 912 2517 ut
939 2453 1025 2534 idem
1052 2453 1185 2515 maritus
1210 2472 1287 2515 suus
1316 2452 1411 2516 aliam
1437 2453 1466 2517 ei
1493 2475 1621 2537 posses·
1693 2457 1694 2536 3

311 2539 432 2604 sionem
444 2542 642 2605 tantumdem
665 2543 841 2607 solventem
862 2543 895 2605 in
917 2542 1215 2625 recompensacione
1237 2541 1450 2616 contraderet,
1479 2545 1568 2625 quod
1591 2551 1622 2608 et
1693 2589 1694 2624 i

311 2630 386 2710 lecit
407 2630 438 2691 in
461 2629 552 2710 villa,
580 2650 641 2713 que
662 2633 827 2715 Hunegyn
853 2631 1083 2715 nuncupatur-⁶.
1125 2631 1192 2694 Nos
1212 2651 1289 2694 vero
1311 2632 1449 2696 eundem
1469 2653 1621 2698 mansum
1693 2627 1694 2642 i

310 2717 350 2800 ab
371 2721 459 2782 omni
479 2720 548 2784 iure
571 2721 807 2800 advocatorum,
829 2723 1008 2785 villicorum
1026 2721 1076 2785 vel
1087 2721 1149 2783 alia
1160 2720 1288 2804 publica
1298 2722 1465 2785 exactione
1479 2721 1619 2787 liberum
1693 2779 1694 2808 p

309 2811 492 2872 cumomni
517 2811 651 2875 utilitate
672 2817 705 2876 et
725 2813 905 2876 attinenciis
927 2813 1007 2888 suis,
1037 2812 1097 2874 viis
1126 2811 1286 2890 alluviis,
1311 2812 1406 2875 cultis
1432 2817 1463 2876 et
1486 2813 1621 2876 incultis
1693 2815 1694 2846 ³

310 2895 458 2962 Portensi
479 2901 613 2964 ecclesie
634 2899 768 2964 collecta
789 2920 886 2963 manu
910 2901 1065 2964 heredum
1085 2901 1117 2961 in
1141 2898 1273 2962 liberam
1295 2905 1326 2963 et
1345 2906 1531 2983 perpetuam
1547 2923 1621 2986 pro-
1693 2925 1694 2950 2

310 2985 476 3070 prietatem
508 2989 767 3053 contradidimus.
810 2989 851 3054 Et
881 3009 921 3054 ne
953 2988 1078 3070 aliqua⁸
1107 2990 1140 3051 in
1172 2995 1332 3072 posterum
1365 3009 1384 3051 a
1413 3010 1620 3074 utrocumque
1693 3017 1694 3084 p

310 3075 468 3140 violencia
494 3079 545 3142 vel
574 3079 693 3142 iniuria
721 3080 863 3163 predicte
889 3079 1023 3143 ecclesie
1042 3079 1074 3140 in
1097 3078 1209 3141 eadem
1229 3079 1429 3161 possessione
1450 3081 1621 3164 irrogatus
1693 3111 1694 3122 κ

311 3164 453 3230 districte
473 3188 531 3252 per
551 3170 631 3233 iuris
652 3171 853 3234 severitatem
875 3167 1089 3252 prohibemus.
1120 3167 1164 3230 Ut
1185 3187 1260 3250 ergo
1280 3168 1339 3232 hec
1360 3177 1468 3232 nostra
1483 3171 1620 3235 donacio

311 3259 379 3317 rata
400 3261 432 3318 et
451 3257 484 3319 in
506 3264 695 3342 perpetuum
712 3259 902 3322 inconvulsa
922 3261 1113 3340 permaneat,
1135 3263 1314 3339 presentem
1337 3257 1454 3322 exinde
1469 3261 1621 3343 paginam
1693 3315 1694 3332 ,

311 3346 468 3408 conscribi
495 3353 527 3412 et
553 3347 648 3432 sigilli
675 3349 775 3412 nostri
802 3348 1026 3432 impressiones
1043 3347 1190 3430 insigniri
1210 3347 1464 3430 idoneorumque
1486 3352 1618 3414 testium
1693 3391 1694 3398 κ

312 3434 549 3520 subscripcione
571 3439 707 3502 iacimus
728 3437 927 3501 communiri.
960 3435 1102 3512 Quorum
1122 3437 1253 3498 nomina
1273 3443 1348 3499 sunt
1362 3437 1435 3501 hec:
1458 3437 1621 3502 Herman—
1693 3491 1694 3498 ,

311 3543 373 3586 nus
394 3523 492 3588 abbas
513 3525 552 3589 de
566 3526 710 3606 diemoth,
730 3527 941 3590 Ekkehardus
961 3525 1140 3609 prepositus
1152 3525 1294 3589 Goslarie
1308 3531 1361 3590 et⁸
1381 3531 1620 3609 protonotarius
1693 3531 1694 3548 ¹

312 3620 433 3685 noster,
462 3614 614 3679 Gerlaous
642 3617 681 3680 de
707 3615 921 3698 Heldrungyn
948 3613 1121 3677 canonicus
1148 3613 1425 3698 Nueuburgensis,
1453 3617 1550 3700 Hugo
1579 3619 1620 3682 dc

313 3700 499 3784 Schidingin
525 3707 717 3769 canonicus
747 3706 1027 3788 NitenburgonsiS,
1060 3703 1262 3767 Reinhardus
1297 3706 1470 3769 canonicus
1506 3705 1620 3770 Nuen-
1693 3743 1694 3786 3

312 3789 480 3873 burgensis
515 3795 614 3858 frater
649 3795 792 3858 eiusdem
835 3795 986 3878 Egelolfi,
1022 3792 1232 3876 Manegoldus
1271 3795 1310 3858 de
1339 3795 1550 3864 Tannenrode
1590 3803 1622 3860 et
1693 3791 1694 3864 ζ

312 3879 541 3946 Erkenibertus
565 3884 653 3948 filius
681 3886 763 3963 eius,
784 3884 978 3948 (leimarusl
1001 3884 1039 3947 de
1061 3882 1250 3966 Kirchberg‚
1271 3884 1408 3967 Widego
1430 3884 1469 3948 de
1492 3883 1621 3966 Kyrclr-

313 3970 405 4052 berg,
434 3971 507 4034 Otto
531 3972 570 4036 de
592 3973 822 4038 Crebezenuclt
841 3971 1056 4037 ministerialis
1077 3977 1200 4051 noster,
1230 3972 1435 4058 Eckehardus
1462 3975 1502 4038 de
1524 3975 1620 4040 Novo

313 4067 430 4140 castro,
461 4061 620 4126 Rudolfus
651 4070 683 4128 et
711 4065 884 4127 Heinrious
915 4063 1029 4127 iratres
1059 4064 1202 4126 eiusdem
1229 4063 1366 4146 Egelolfi
1393 4065 1621 4128 ministeriales

314 4151 424 4228 nostri,
451 4151 624 4217 Heinricus
655 4153 849 4217 marscalcus
880 4159 1000 4230 noster,
1033 4152 1217 4216 Guntherus
1245 4153 1284 4217 de
1314 4153 1465 4218 Slatbeim
1494 4155 1620 4238 dapifer
1693 4173 1694 4182 ¹

313 4245 428 4320 noster,
450 4240 681 4307 Cunemundus
703 4245 741 4307 de
760 4241 1006 4306 Scherinburck¹
1028 4243 1243 4306 ministerialis
1264 4248 1372 4307 noster
1393 4243 1498 4307 etalii
1521 4265 1618 4328 quam

313 4329 429 4413 plures.
459 4333 542 4394 Acta
557 4341 632 4396 snnt
642 4334 701 4398 hec
713 4352 796 4395 atino
808 4332 846 4394 ab
857 4333 1081 4396 incarnacione
1092 4331 1212 4395 domini
1226 4333 1311 4406 1203,
1325 4333 1500 4397 indictione
1518 4340 1620 4400 sexta.
1693 4335 1694 4378 t

383 4455 533 4510 aameuD
570 4449 740 4526 betfelrltD
775 4457 937 4524 ⁰Quam'l'
976 4449 1430 4528 dquod-11uucupsturfeaa1)
1464 4452 1623 4532 ‘alib'DT
1693 4479 1694 4516 3

315 4525 499 4607 ‘inpensione
518 4536 547 4591 D
600 4537 659 4592 get
676 4537 743 4606 scalt
761 4537 790 4590 D
844 4531 1028 4592 nGozmarus
1046 4536 1076 4590 D
1130 4529 1328 4611 ischerinberp
1345 4537 1375 4594 D

839 4666 1088 4677 *μ--νὰ-...μ-
