3400 5148
320 386 372 446 202
698 389 925 446 Urkuudenbuch
943 390 991 445 dos
1009 389 1134 446 Klosters
1152 383 1256 449 Piorte.

320 541 483 630 placuerit,
505 563 598 606 suum
621 543 840 606 molendinum
862 543 900 604 ah
924 543 1010 605 omui
1031 543 1281 606 contradictione
1302 542 1401 606 libere
1423 543 1578 625 recipient
1594 547 1620 604 et
1685 523 1686 582 7

320 631 472 696 absolute.
505 633 553 697 Ne
575 635 673 714 igitur
693 633 767 696 huic
786 633 870 695 iacto
891 631 1070 695 rationabili
1099 627 1269 695 cuiuslibet
1294 633 1329 694 in
1354 637 1518 714 posterum
1537 630 1619 692 mali·
1685 677 1686 710 p

319 722 423 803 gnitas
441 722 546 786 valeat
567 723 711 799 obviare,
733 741 864 806 presens
893 723 1045 804 scripturn
1077 722 1172 803 sigilli
1206 722 1305 784 nostri
1332 726 1364 783 et
1390 721 1484 803 sigilli
1514 720 1620 782 sororii
1685 719 1686 740 ¹

319 812 419 874 nostri
440 811 612 875 Beinhardi
629 813 734 874 Varoh
759 813 934 875 monimine
955 813 1198 874 communimus.
1241 810 1347 873 Huius
1367 811 1414 872 rei
1436 815 1532 873 testes
1553 816 1621 871 sunt
1685 889 1686 900 ἵ

317 900 416 963 trater
436 901 608 964 Heinricus
635 901 673 964 de
701 900 913 965 Lebenstedec
935 906 1165 983 paternoster,
1190 899 1391 963 Reinhardus
1412 899 1519 962 Varch
1541 918 1621 961 soro·

318 989 386 1051 rins
416 997 538 1067 noster,
573 990 726 1054 Albertus
758 991 795 1054 de
827 990 1002 1054 Arnisberc
1033 990 1212 1053 avunculus
1244 995 1352 1053 noster
1382 995 1415 1052 et
1445 989 1498 1051 alii
1531 1007 1620 1070 quam

318 1076 434 1160 plures.
476 1079 557 1142 Acta
579 1087 655 1142 sunt
674 1081 735 1160 hec
756 1099 839 1142 anno
861 1080 982 1142 domini
1002 1089 1246 1143 mummi
1685 1087 1686 1098 ³

273 1211 275 1218 '
389 1213 536 1270 'lutintal
558 1215 588 1270 D
659 1208 672 1245 ¹¹
697 1217 783 1271 Wonn
807 1235 872 1271 mon
894 1218 969 1271 nicht
993 1218 1144 1272 annchmen
1167 1217 1237 1281 oritt,
1264 1215 1328 1294 does
1350 1216 1397 1269 der
1419 1215 1554 1271 &brother
1579 1214 1621 1268 der
1685 1269 1686 1292 p

325 1293 452 1348 ortonae
470 1313 521 1349 oua
539 1296 586 1350 der
603 1295 803 1352 Konstvuhtion
825 1299 942 1367 pesclho
959 1300 1007 1364 iat,
1032 1297 1068 1350 do
1091 1295 1139 1351 dar
1156 1297 1347 1350 Kcaiualttion
1366 1312 1430 1350 cum
1455 1296 1517 1350 hein
1534 1294 1620 1348 Nach-

318 1380 375 1427 eott
392 1375 550 1442 entspn'cht,
578 1391 607 1430 so
624 1376 715 1444 durna
733 1383 772 1444 ut,
792 1377 842 1430 doe
859 1377 930 1431 auch
947 1377 1033 1430 durch
1053 1375 1103 1430 das
1120 1376 1241 1445 folpcnda
1260 1374 1361 1446 poterit
1379 1374 1531 1443 verddcdttp
1546 1373 1621 1438 wird,
1685 1375 1686 1440 1

318 1453 381 1509 oder
398 1453 446 1508 aed
464 1456 506 1510 ola
522 1455 608 1510 durch
627 1455 754 1511 Versaben
771 1458 905 1526 einpefttpt
921 1473 956 1509 au
973 1457 1123 1511 detrachten
1140 1457 1203 1510 acin
1276 1457 1288 1482 ⁰
1305 1453 1459 1509 libenstede
1476 1454 1506 1508 D
1522 1448 1527 1457 ’

319 1762 435 1846 late.
463 1763 582 1845 liti-z
610 1759 666 1848 ll.
692 1763 855 1847 Piorte.
1536 1761 1621 1844 189.
1685 1805 1686 1860 1

400 1897 565 1962 Hermann
588 1901 657 1962 unct
681 1899 747 1964 Otto
776 1902 900 1982 (iresca
926 1919 984 1962 oon
1009 1899 1202 1963 Orlumtinde
1228 1897 1379 1962 ocrlcihcn
1405 1899 1474 1962 den
1502 1897 1623 1960 chster
1685 1943 1686 1958 1

359 1987 651 2158 ᾔῖῗθνὸπὲιέίνιὶὴῖἰὸ
670 1989 753 2053 iltrcs
768 1989 906 2054 Gebictes
922 1989 1059 2053 Freiheit
1080 2009 1136 2053 von
1160 1988 1309 2069 Ahpaben
1329 1989 1386 2069 fiir
1406 1987 1457 2051 dic
1471 1986 1624 2052 Fossae·

470 2211 604 2268 Hucine.-
622 2213 652 2268 D
670 2203 724 2268 50¹³
742 2215 793 2282 (tit.
805 2213 1003 2284 Datheloneo).
1032 2216 1059 2272 ,Τ
1067 2219 1127 2270 311.

471 2317 584 2372 Dutch:
602 2319 736 2374 Dcutech:
761 2321 845 2388 Wolff
852 2321 898 2388 11,
917 2323 975 2377 137.
1001 2321 1056 2390 Vpl.
1075 2338 1097 2378 o.
1111 2320 1292 2376 Reitzenstein
1310 2324 1375 2374 93o.

400 2445 629 2528 Hiermannus]
664 2455 696 2512 et
723 2447 820 2530 opto]
850 2449 901 2512 dei
929 2450 1031 2532 gratia
1057 2449 1189 2511 comites
1218 2448 1257 2511 de
1287 2447 1482 2511 Orlamnnde
1510 2445 1623 2510 Christi

321 2535 472 2600 fidelibus
494 2539 653 2601 universis
674 2538 808 2602 salutem
827 2540 860 2600 in
883 2559 930 2616 eo,
952 2539 1007 2618 qui
1028 2543 1077 2602 cst
1092 2539 1233 2600 omnium
1251 2557 1327 2601 vera
1342 2536 1437 2600 salus.
1470 2535 1622 2612 Quoniam
1685 2541 1686 2588 1

323 2625 542 2707 religiosorum
572 2629 739 2692 commoda
765 2635 797 2692 et
822 2630 983 2712 proiectus
1007 2649 1064 2711 pro
1091 2647 1182 2710 posse
1209 2634 1241 2690 et
1266 2625 1395 2690 modulo
1422 2631 1530 2688 nostro
1556 2643 1624 2708 prc-
1685 2655 1686 2718 3

323 2734 450 2778 movere
479 2723 510 2779 et
535 2718 686 2801 ampliare
713 2719 922 2793 intendimus,
948 2719 1096 2781 noverint
1120 2716 1276 2793 universi,
1305 2713 1421 2796 quibus
1449 2713 1622 2778 exhibitum

322 2805 420 2868 fuerit
445 2826 575 2889 presens
604 2811 770 2892 scriptum,
797 2809 882 2890 quod
912 2807 1128 2871 venerabiles⁸
1154 2804 1300 2868 abbatem
1320 2808 1353 2867 et
1373 2807 1564 2866 conventum
1587 2801 1623 2862 dc
1685 2823 1686 2878 1

321 2892 417 2956 Porta
452 2895 681 2976 cysterciensis
723 2898 843 2960 ordinis
884 2897 1079 2961 absolvimus
1117 2892 1152 2958 et
1192 2894 1370 2957 exemimus
1404 2911 1462 2975 per
1499 2899 1622 2955 omnem
1685 2901 1686 2968 3

321 2983 498 3048 districtum
531 2994 674 3050 nostrum
705 2989 744 3052 ab
777 2989 863 3050 omni
897 2986 1116 3050 theloneorum
1149 2983 1306 3047 solutione
1335 2989 1367 3046 et
1396 2982 1458 3044 alia
1487 2980 1624 3062 qualibet
1685 3013 1686 3064 3

320 3075 499 3156 exactione,
527 3097 588 3160 que
617 3079 651 3140 in
680 3077 752 3154 Sala
777 3099 833 3162 per
856 3078 945 3140 vario
969 3075 1040 3139 loca
1065 3075 1166 3137 nostri
1197 3073 1359 3136 districtus
1387 3093 1405 3134 a
1434 3069 1625 3153 quibuslibet
1685 3109 1686 3158 l

321 3160 424 3226 solent
450 3165 532 3246 dari,
562 3167 705 3244 volentes
734 3167 862 3232 eosdem
887 3186 943 3250 per
961 3167 1030 3229 eius
1052 3165 1159 3227 modib
1178 3162 1249 3226 loca
1277 3181 1350 3225 cum
1379 3161 1528 3224 arborum
1555 3161 1625 3222 iun-
1685 3165 1686 3254 l

320 3254 419 3315 ctoris
441 3256 500 3318 sibi
523 3257 744 3336 attinentibus,
767 3273 827 3338 que
840 3255 936 3318 wlont
957 3255 1131 3336 vulgariter
1151 3251 1358 3336 appellantur,
1381 3251 1447 3314 sive
1469 3270 1523 3314 eas
1543 3267 1627 3312 emc-

321 3343 386 3404 rint
412 3344 478 3407 sive
505 3345 543 3407 ab
572 3346 643 3410 eliis
669 3347 727 3410 sibi
758 3347 829 3409 date
857 3346 977 3408 fuerint
1003 3345 1069 3407 sive
1101 3344 1196 3406 etiarn
1226 3343 1259 3403 in
1287 3361 1344 3404 suo
1370 3359 1500 3404 nemore
1527 3339 1626 3402 succi·
1685 3359 1686 3430 p

322 3431 435 3510 derint„
456 3434 495 3496 ab
517 3435 612 3498 ludus
632 3435 986 3519 modiprestetionibus
1002 3434 1136 3496 transire
1150 3432 1268 3495 liberos
1283 3432 1493 3495 etimmunes.
1520 3429 1627 3492 Testes

322 3521 417 3585 huius
438 3525 483 3586 rei
499 3533 573 3588 sunt
585 3525 770 3588 Gotsoalcus
786 3525 940 3608 plebanus
955 3525 986 3586 in
1001 3522 1205 3600 orlamunde,
1215 3520 1428 3584 Theodericus
1438 3519 1627 3602 burgravius
1685 3511 1686 3588 1

322 3610 361 3672 de
395 3611 610 3694 Aldonberge‚
645 3615 835 3678 Ludewicus
867 3615 905 3677 de
940 3613 1176 3684 Blanlrenhain,
1209 3611 1399 3674 Ludevvicus
1431 3609 1470 3673 de
1502 3607 1629 3691 Lapidc,
1685 3603 1686 3652 l

321 3697 467 3764 lutolfus
489 3703 528 3765 de
548 3703 791 3784 Echplburnen,
817 3703 1029 3767 Theodericus
1052 3701 1150 3778 Zane,
1171 3699 1271 3764 Witto
1294 3699 1461 3776 scultetus,
1488 3697 1627 3760 Theode-

322 3789 407 3852 ricus
436 3791 535 3854 Vlans
564 3799 595 3856 et
621 3795 719 3856 frater
745 3814 822 3858 suus
850 3795 1048 3869 GuntheruS,
1074 3791 1264 3854 Lndevvicus
1290 3789 1329 3852 de
1355 3785 1515 3862 Rinstete,
1543 3784 1627 3848 Her·
1685 3781 1686 3826 1

323 3897 459 3942 mannus
481 3880 636 3945 deValna
657 3889 689 3946 et
708 3885 807 3947 irater
825 3884 894 3946 eius
916 3883 988 3946 Otto
1011 3888 1042 3945 et
1065 3881 1116 3943 alii
1140 3880 1256 3964 plures.
1287 3879 1326 3942 In
1347 3877 1444 3940 huius
1465 3876 1556 3939 etiarn
1579 3872 1626 3936 rei

322 3968 545 4033 certitudinem
570 3970 739 4054 pleniorem
763 3979 942 4056 presentem
965 3971 1102 4034 litteram
1124 3969 1301 4053 sigillorum
1316 3971 1498 4030 nostrorum
1512 3981 1629 4047 appen-

323 4057 466 4120 sionibus
497 4059 615 4124 eisdem
649 4063 850 4144 porreximus
881 4061 1117 4124 communitum.
1167 4061 1247 4122 Acta
1279 4062 1354 4120 sunt
1384 4055 1444 4118 hec
1471 4055 1503 4116 in
1531 4051 1629 4116 Porta

323 4165 406 4208 anno
448 4149 675 4214 incantationis
719 4152 876 4214 dominice
917 4157 1193 4226 M⁰uu0nx⁰v1⁰,
1234 4157 1278 4208 V⁰
1315 4145 1390 4208 idus
1420 4143 1542 4222 Marcii,
1579 4142 1630 4202 in·
1685 4151 1686 4230 1

323 4236 461 4301 dictione
485 4259 576 4304 nona.

394 4377 606 4433 'venerabilem
628 4379 653 4434 T
703 4370 894 4434 bhuiusmodi
914 4379 938 4432 Τ
989 4377 1079 4432 tvloz
1102 4378 1127 4430 Τ

1685 4307 1686 4322 1

1685 4387 1686 4394 r

858 4545 1110 4558 —-----
1685 4485 1686 4574 l

1685 4605 1686 4620 1

1685 4731 1686 4742 1
