3400 5148
325 383 376 438 loe
698 381 929 441 Urkundenbuch
947 379 995 441 des
1012 381 1140 442 Klostcrs
1158 383 1261 445 Plora.

322 533 438 616 1264.
465 533 572 615 Junl
599 533 664 616 29.
690 534 769 616 Bel
795 534 1057 636 Noumburg.
1541 539 1617 620 182.

401 670 558 751 naama
579 669 681 734 Ritter
700 691 758 734 voa
780 673 938 737 Ra'esaila
958 673 1088 750 alain,
1109 673 1184 736 dass
1204 695 1237 737 cr
1257 675 1342 737 seiae
1363 672 1574 754 Basitatmpan
1590 674 1617 736 is

359 757 754 929 ffepffippffioradorfl
781 762 838 842 fiir
866 765 932 828 150
961 762 1061 826 Mario
1089 761 1188 827 Silber
1214 782 1258 826 aa
1283 763 1343 826 dus
1369 761 1497 826 Kassa
1522 763 1619 845 Pforta

469 983 601 1038 Horta:
621 984 693 1038 Dar
712 985 764 1052 (tit.
774 983 962 1052 Borsendorf).

468 1088 581 1143 Druck:
600 1089 734 1144 amaea:
758 1089 887 1158 WolffIL
900 1095 958 1146 120.
984 1091 1190 1161 Vplfflataclrl,
1204 1096 1263 1151 115,
1291 1093 1577 1160 Bos-toco-Scamn,
1586 1097 1618 1146 71,

398 1215 539 1280 Dubium
561 1235 626 1279 non
648 1223 696 1280 est
717 1216 824 1279 omnia
845 1217 988 1294 omnino,
1015 1238 1077 1299 que
1099 1225 1185 1282 recto
1207 1225 1362 1302 geruntur
1383 1219 1531 1298 consilio,
1559 1221 1618 1282 iure

318 1309 497 1388 meritoque
534 1307 651 1370 effectu
685 1313 717 1369 et
748 1307 898 1370 firmitate
930 1308 1004 1382 niti,
1039 1309 1094 1371 sed
1126 1315 1277 1390 vergente
1309 1310 1343 1372 in
1372 1310 1498 1372 senium
1528 1309 1618 1372 seculi

319 1396 499 1479 corruptela
515 1415 556 1458 ex
578 1395 747 1476 fragilitate
769 1397 869 1458 nostri
884 1398 1044 1479 temporis,
1066 1397 1106 1459 ad
1128 1417 1208 1478 quos
1228 1399 1311 1461 fines
1330 1398 1431 1481 ipsius
1453 1397 1553 1462 seculi
1575 1399 1619 1460 de

321 1491 490 1563 venerunt,
518 1493 626 1548 nostra
656 1503 729 1567 sepe
756 1483 874 1550 labitur
900 1493 932 1549 et
957 1493 1131 1550 evacuatur
1160 1488 1314 1550 memoria
1334 1491 1366 1550 et
1386 1488 1546 1550 humanus
1566 1489 1619 1550 fre·
1693 1545 1695 1566 A

320 1584 454 1658 quenter
484 1575 594 1638 deficit
622 1574 811 1638 intellectus.
852 1575 932 1639 Inde
967 1582 1028 1655 est,
1063 1577 1149 1658 quod
1183 1581 1341 1640 retroacta
1371 1578 1498 1660 negotia
1529 1577 1619 1640 semel
1693 1575 1695 1656 l

318 1668 425 1730 decisa
441 1684 478 1728 ac
494 1665 647 1747 legittime
666 1665 812 1740 diffinita,
833 1683 874 1727 ne
890 1664 1025 1728 alicuius
1046 1666 1197 1749 deinceps
1219 1666 1409 1748 suspicionis
1431 1666 1481 1729 vel
1503 1666 1620 1729 dubita·
1693 1715 1695 1748 ,

318 1757 419 1820 cionis
450 1756 481 1816 in
517 1755 594 1836 ipsis
626 1754 765 1816 residere
792 1755 892 1836 possit
924 1755 1063 1830 occasio,
1095 1755 1215 1838 patenti
1246 1755 1352 1816 memo
1384 1760 1415 1818 et
1439 1754 1619 1818 fidelissimo
1694 1755 1695 1774 l

318 1846 472 1928 scripture
505 1844 685 1906 testimonio
715 1845 913 1906 muniuntur.
957 1844 1089 1926 Propter
1116 1845 1201 1925 quod
1227 1863 1286 1926 ego
1307 1844 1510 1926 Berengerus
1534 1844 1619 1906 miles

317 1937 421 1997 <lictus
443 1934 638 2015 deBn'spnia
660 1932 763 1995 littera
784 1935 924 2016 presenti
944 1938 1102 2016 protestor
1121 1934 1279 1995 universis
1301 1952 1338 1995 ac
1360 1933 1508 1996 omnibus
1529 1935 1619 2016 signi-
1694 1937 1695 2014 ζ

318 2026 396 2102 fico,
428 2023 513 2104 quod
543 2023 627 2085 bona
652 2026 712 2086 sita
739 2023 772 2084 in
794 2022 871 2084 villa
898 2023 1058 2104 quondam
1084 2023 1262 2085 Groutscne
1284 2023 1382 2100 dicta,
1411 2041 1498 2085 nunc
1519 2033 1618 2086 autem
1693 2029 1695 2056 ¹

317 2113 478 2176 Ilorndorf
498 2113 676 2192 nominata,
701 2118 842 2176 montem
864 2132 963 2175 unum
987 2133 1059 2175 cum
1082 2112 1184 2175 tribus
1204 2113 1307 2175 vineis
1324 2113 1359 2174 in
1384 2112 1495 2175 eodem
1518 2121 1620 2175 monte
1693 2169 1695 2198 Ξ

316 2204 399 2283 sitis,
425 2221 499 2264 cum
520 2209 588 2264 orte
609 2203 734 2265 humuli
752 2202 896 2266 eiusdem
917 2205 1049 2282 montis,
1080 2222 1154 2265 cum
1182 2204 1324 2284 quinque
1351 2204 1448 2281 areis,
1479 2221 1552 2265 cum
1579 2203 1620 2284 pi·
1694 2203 1695 2220 ¹

316 2294 432 2370 ecana,
456 2311 517 2372 que
540 2290 634 2353 durat
662 2299 694 2354 et
719 2291 847 2354 ducitur
877 2293 997 2355 evado
1028 2290 1077 2355 rel
1104 2290 1191 2371 loco,
1223 2292 1277 2372 qui
1311 2291 1428 2353 dicitur
1452 2289 1621 2361 Dibesfurt

317 2401 419 2463 usque
441 2382 480 2442 ad
505 2379 612 2442 villam
634 2380 799 2461 Studeniz,
822 2381 961 2444 insulam
982 2382 1077 2444 etiam
1099 2389 1131 2444 et
1152 2382 1297 2444 salictum
1319 2381 1416 2444 situm
1437 2380 1620 2444 submonte

318 2471 489 2554 Sybotonis
506 2471 551 2532 sic
569 2469 653 2532 dieto
669 2489 742 2532 cum
760 2471 941 2550 ommium,
962 2477 1118 2554 preventu
1135 2478 1167 2534 et
1188 2471 1322 2533 utilitate
1343 2470 1473 2533 vendidi
1496 2471 1621 2534 domino

316 2561 420 2625 abbati
440 2567 472 2624 et
483 2559 627 2623 Portensi
642 2560 775 2623 ecclesie
793 2579 865 2624 cum
879 2580 1038 2624 consensu
1055 2567 1087 2625 et
1101 2561 1305 2624 conniventis
1315 2560 1468 2624 heredum
1480 2579 1620 2624 meorum
1692 2575 1694 2594 ¹

315 2671 372 2734 pro
396 2663 416 2713 e
436 2657 468 2713 et
488 2659 527 2712 L²
554 2651 669 2713 marcis
694 2651 831 2733 argenti,
858 2669 937 2731 quas
958 2669 1009 2714 me
1029 2651 1131 2714 fateor
1153 2650 1192 2713 ab
1213 2651 1283 2733 ipsa
1303 2649 1438 2713 ecclesia
1458 2651 1622 2733 recepisse.

316 2741 366 2804 Ad
397 2741 491 2802 huius
520 2740 567 2802 rei
596 2740 813 2802 testimonium
843 2746 1022 2822 presentem
1048 2739 1186 2803 litteram
1214 2739 1318 2822 sigillo
1346 2757 1418 2802 meo
1445 2747 1477 2802 et
1504 2739 1622 2821 sigillo·

317 2831 491 2893 amicorum
513 2847 656 2892 meorum
679 2834 755 2892 tunc
776 2831 979 2913 presentium,
1003 2829 1117 2893 horum
1134 2829 1268 2893 scilicet:
1293 2829 1449 2892 Guutheri
1470 2848 1507 2892 ac
1525 2829 1622 2892 Hein-

317 2922 375 2983 rici
392 2920 431 2982 de
447 2918 600 2997 Bunowe,
622 2918 752 3002 sigillari
768 2920 840 2999 leci,
860 2927 897 2982 ut
912 2939 952 2982 ex
968 2920 1029 2982 hcc
1044 2921 1140 2982 vivax
1156 2919 1310 2983 memoria
1331 2920 1372 2982 sit
1392 2925 1424 2982 et
1444 2919 1621 3002 perhennis.
1692 2935 1693 3004 p

317 3009 433 3075 Datum
463 3009 546 3092 apud
568 3009 597 3072 N
601 3010 747 3090 neuburg
769 3028 854 3071 anno
876 3009 996 3072 domini
1017 3017 1305 3089 M⁰CC⁰LX⁰IHI⁰‚
1330 3009 1364 3071 in
1386 3008 1438 3071 dic
1461 3007 1621 3072 beatorum
1692 3075 1693 3086 χ

317 3100 531 3184 apostolorum
548 3099 635 3161 Petri
650 3105 681 3160 et
693 3098 794 3161 Pauli.
825 3099 932 3162 Huius
953 3101 999 3162 rei
1021 3105 1117 3162 testes
1138 3106 1213 3162 eunt
1231 3099 1496 3162 Heidenricusde
1511 3099 1622 3174 Berlre

317 3190 501 3254 Guntherus
522 3189 629 3250 iunior
649 3189 688 3252 de
710 3188 862 3264 Buuowe,
883 3188 1055 3252 Heinricus
1081 3189 1180 3252 frater
1206 3190 1275 3252 eius
1300 3187 1427 3266 milites,
1451 3187 1622 3250 Heinricus

317 3280 468 3362 magister
488 3296 724 3356 conversorum,
745 3277 917 3340 Heinricus
938 3278 1122 3341 cellerarius
1143 3279 1289 3341 monachi
1307 3277 1486 3356 Portenses,
1508 3279 1624 3340 Gotho·

316 3370 419 3432 nidus
444 3369 594 3450 magister
621 3368 794 3451 hospitum,
820 3367 993 3430 Heinricus
1020 3369 1059 3430 de
1080 3367 1276 3447 Libenstete,
1303 3367 1497 3431 Wernherus
1518 3377 1548 3431 et
1570 3367 1623 3428 alii
1691 3447 1692 3474 1

318 3456 551 3542 quamplures.

386 3596 490 3668 ²sigill
527 3595 565 3649 In
582 3595 745 3650 Nomia
762 3595 975 3665 cooperarium
993 3594 1083 3666 sigillo
1101 3594 1254 3650 amicorum
1273 3611 1398 3683 maorunr
1416 3594 1584 3650 deBunowe
1690 3629 1691 3646 2

392 3701 459 3756 lla
482 3704 599 3762 Nr.229
620 3700 725 3754 wardan
748 3699 791 3754 die
814 3717 863 3754 oca
887 3701 1021 3770 Beriaper
1045 3703 1113 3756 1264
1136 3701 1293 3770 anteana»
1315 3703 1401 3756 coar
1427 3701 1482 3756 sita
1503 3701 1531 3754 in
1557 3699 1626 3754 villo

318 3783 473 3838 Groutsenc
498 3784 572 3838 dicta
595 3784 663 3836 oum
689 3781 741 3834 den
759 3781 860 3834 baara
877 3781 1018 3850 quondam
1037 3781 1096 3834 said
1114 3797 1189 3834 nunc
1207 3787 1301 3836 autam
1320 3781 1464 3836 Domdorf
1478 3779 1625 3836 nominata

317 3863 460 3916 eamcam
476 3863 534 3916 sard
552 3863 671 3916 dcam
688 3860 786 3914 eadee
798 3860 978 3930 Bcaitzanyen
995 3862 1075 3915 iuxta
1093 3861 1186 3916 villam
1205 3860 1384 3932 Dorindorph
1402 3861 1461 3916 mad
1478 3862 1507 3915 in
1524 3857 1625 3912 eadem

317 3941 383 3996 villa
407 3943 579 4011 auspefrlhrt,
604 3943 646 3995 dic
669 3941 800 4010 Bearsyer
824 3944 893 3996 1263
916 3959 954 3994 aa
980 3941 1071 4008 Psorte
1094 3943 1219 4010 cohaesi
1242 3943 1297 3997 hat.
1342 3942 1380 3996 Ia
1406 3941 1459 3996 Nr.
1467 3945 1519 3996 251
1539 3940 1625 3993 hasal
1689 3993 1690 4014 χ

319 4023 467 4076 orosam
484 4022 551 4076 villa
568 4021 682 4080 deserta.
711 4020 826 4075 Dareus
844 4021 912 4073 tara
930 4038 964 4074 aa
981 4023 1120 4076 scoliam
1137 4023 1202 4088 aeas,
1221 4023 1284 4077 dosa
1301 4023 1376 4076 nicht
1393 4029 1461 4076 etwa
1476 4021 1628 4075 ermom
1689 4019 1690 4048 l

317 4103 376 4156 wad
394 4103 550 4170 Doraclorf,
574 4103 623 4156 dua
645 4103 716 4156 nacla
738 4103 819 4156 achon
836 4102 885 4154 ot'el
901 4103 997 4170 What
1012 4109 1132 4171 manat
1151 4102 1231 4170 mid,
1256 4103 1433 4158 versum
1450 4102 1558 4156 Nam
1575 4103 1628 4166 {tir

317 4187 361 4237 aia
377 4183 437 4236 «aad
455 4183 570 4238 dasaewc
587 4181 679 4251 Dors
691 4183 767 4248 aad,
785 4183 902 4236 saudan
925 4181 966 4236 dia
985 4181 1070 4236 Flar
1092 4183 1137 4236 dea
1161 4185 1325 4238 verlosaaaca
1344 4185 1491 4240 &ouem
1507 4181 1557 4236 mit
1577 4180 1627 4234 der

316 4285 368 4321 voa
384 4265 532 4332 Doradorf
544 4267 668 4334 maaipt
686 4266 744 4318 sard
762 4267 793 4318 ia
811 4265 907 4318 diesem
925 4265 1009 4320 Sarac
1025 4265 1092 4320 villa
1109 4267 1174 4320 obeo
1189 4267 1333 4336 pebraucltt
1349 4267 1392 4324 ist.
