3390 5148
319 379 371 437 220
689 385 920 442 Urlrundenbuch
938 385 986 442 des
1005 387 1130 442 Klosters
1148 387 1251 443 Piortc.

318 537 418 598 eciam
448 537 591 600 ordinem
616 539 713 602 istum
741 544 885 603 sanctum
911 546 943 604 et
970 541 1084 604 iratres
1110 541 1240 624 speciali
1264 541 1374 605 farore
1399 542 1612 625 prosequimur

318 634 349 688 ct
370 646 493 703 aurore,
514 629 713 710 potissimum
736 635 840 692 tamen
863 631 1090 694 monasterium
1111 630 1264 694 Portense
1286 649 1359 694 cum
1380 632 1532 694 fratribus
1551 634 1611 694 uni-

319 717 420 778 versis
447 717 571 780 interno
600 720 739 782 caritatis
769 720 905 802 brachiis
936 721 1154 802 amplexantes
1185 739 1296 783 eorum
1322 720 1485 802 precibus,
1514 729 1611 804 utpote

318 805 507 869 dilectonrm
539 809 569 869 in
604 809 728 872 Christo
760 810 917 884 filiorum,
947 812 1131 887 annuimus,
1163 815 1257 893 prout
1284 829 1325 872 ex
1355 811 1501 874 iniuncto
1531 812 1612 874 nobis

319 902 466 976 tenemur
487 898 602 974 officio,
624 899 768 980 volentes
790 900 909 963 dictum
933 901 1168 978 monasterium,
1188 901 1323 963 sicutte
1344 901 1437 964 dictis
1459 901 1570 964 abbate
1587 907 1611 962 et

318 993 478 1049 conventu
500 987 610 1050 nobis⁸
642 989 854 1071 supplicatum
884 991 1006 1068 existit,
1037 1009 1232 1052 consecrare.
1285 989 1404 1054 Verum
1436 991 1512 1072 quia
1539 992 1613 1053 inter

319 1073 458 1138 illustres
479 1077 647 1160 principes,
669 1083 793 1142 nostros
814 1083 963 1161 patruos¹
986 1072 1131 1156 dilectos,
1152 1077 1344 1160 Allbertum]
1366 1079 1537 1162 Thuringie
1555 1081 1613 1142 lan·

319 1165 484 1244 grai-turni
512 1171 544 1228 ct
561 1165 815 1250 Thleodericum]
847 1169 1075 1233 marchionem*
1106 1169 1145 1232 de
1176 1168 1386 1246 Laudisbcrlr‚
1423 1189 1487 1231 non
1520 1170 1611 1232 solun

319 1257 430 1316 exorta
458 1257 590 1317 rnateria
617 1257 789 1335 discordie,
817 1277 925 1338 ymmo
951 1259 1051 1321 eciam
1074 1258 1215 1322 collectis
1236 1259 1398 1339 utrimque
1419 1259 1613 1324 exercitibus.

319 1363 376 1424 per
406 1363 485 1424 quos
511 1347 566 1408 toti
596 1353 678 1410 terre
705 1347 874 1411 ridebatur
896 1347 1074 1411 destruccio
1101 1350 1282 1422 imminere,
1308 1367 1367 1410 nos
1393 1347 1537 1412 dolentes
1557 1355 1613 1410 tarn

320 1442 401 1496 terre
424 1434 686 1512 destruccionem,
708 1457 801 1518 quam
825 1439 981 1501 dictorum
1003 1440 1136 1501 fratrum
1155 1439 1332 1501 amiciciam
1349 1437 1487 1501 debitam
1507 1438 1613 1501 debere

319 1526 460 1586 converti
482 1527 514 1587 in
537 1527 741 1590 inimiciciam
762 1548 820 1592 seu
841 1529 950 1591 odium
969 1535 1121 1611 perpetuo
1145 1529 1342 1605 duraturum,
1363 1528 1447 1591 inter
1464 1528 1614 1611 predictos

320 1613 433 1676 fratres
458 1615 708 1696 interposuimus
734 1624 839 1700 partes
867 1623 991 1680 nostras
1018 1623 1049 1679 ct
1075 1617 1135 1678 hiis
1161 1618 1270 1680 arduis
1299 1617 1454 1700 prepediti
1483 1618 1614 1700 negociis

319 1706 556 1766 consecracioni
597 1706 673 1768 dieti
708 1709 887 1770 monasterii
927 1709 1079 1771 interesse
1117 1707 1325 1789 personaliter
1357 1727 1421 1770 non
1453 1709 1614 1790 potuimus.

320 1793 545 1876 Quapropter,
568 1815 607 1858 ne
628 1797 772 1860 fidelium
793 1798 962 1860 multitudo
986 1798 1024 1860 ad
1047 1799 1147 1881 ipsam
1169 1797 1446 1860 consecracionem
1467 1795 1615 1858 laboriose

319 1885 538 1947 conveniendo
560 1886 678 1948 frustra
698 1888 884 1966 fungeretur
905 1887 1066 1952 laboribus
1081 1893 1113 1951 et
1133 1887 1292 1970 expensis
1305 1891 1336 1948 et
1351 1893 1387 1948 ut
1403 1885 1498 1948 iidem
1511 1885 1616 1949 fideles

319 1981 593 2054 consequerentur
620 1978 758 2058 graciam
785 1984 995 2060 preoptatam,
1025 1977 1064 2040 ad
1092 1977 1249 2040 dictorum
1277 1973 1400 2038 abbatis
1423 1979 1456 2038 ct
1476 1977 1525 2038 sni
1549 1994 1616 2036 corr·

319 2067 434 2124 ventus
471 2064 659 2128 instanciam
697 2067 871 2130 studiosam
909 2067 1146 2130 venerabilibus
1183 2066 1320 2128 dominis
1358 2071 1389 2128 et
1413 2065 1617 2148 coepiscopis

321 2153 448 2220 nostris
466 2153 595 2216 domino
617 2153 803 2237 Frlidericol
826 2156 1090 2237 Merseburgensi
1111 2156 1240 2218 domino
1261 2154 1423 2218 llriderico
1445 2153 1616 2218 Kareliensi

319 2246 351 2304 et
372 2241 500 2304 dcndnc
523 2243 702 2307 Christiano
719 2245 930 2322 Leoteuiensi,
952 2246 991 2308 ad
1014 2245 1266 2310 consecrandum
1288 2245 1462 2308 oratorium
1482 2245 1618 2327 ipsorum

320 2330 359 2392 ad
386 2331 541 2394 honorem
569 2332 618 2396 dei
645 2339 678 2396 et
705 2341 812 2398 sancte
837 2337 948 2398 matris
970 2336 1053 2411 eius,
1074 2333 1165 2400 beate
1184 2335 1294 2411 Maria,
1316 2339 1347 2397 et
1368 2333 1453 2397 beati
1473 2333 1620 2396 Iohannis

319 2420 460 2503 Baptista
482 2424 700 2488 commisimus
728 2425 814 2489 vices
836 2431 968 2489 nostras.
1011 2426 1117 2507 thue
1139 2426 1239 2509 ipsius
1261 2424 1475 2488 dedicacionis
1497 2431 1529 2487 et
1549 2442 1619 2486 con-

320 2511 511 2598 secrecionis
533 2515 686 2576 memoria
707 2513 860 2578 habeatur
881 2521 913 2578 et
934 2536 1015 2593 cum¹
1029 2516 1203 2578 devocione
1220 2533 1257 2577 ac
1272 2513 1457 2578 reverencia
1467 2512 1620 2576 celebrius

319 2601 539 2680 frequentetur
565 2623 584 2664 a
604 2602 721 2666 Christi
742 2604 892 2668 fidelibus
917 2606 1087 2677 trainensis,
1109 2604 1295 2668 auctoritate
1317 2602 1410 2666 nobis
1431 2623 1450 2664 a
1471 2603 1531 2666 deo
1550 2621 1620 2664 con·

319 2709 422 2764 cessa,
451 2693 696 2772 cooperantibus
727 2700 832 2758 nostre
860 2695 1036 2758 infirmitati
1065 2694 1156 2757 beate
1183 2694 1282 2759 illaria
1303 2692 1451 2773 beatique
1472 2691 1622 2755 Iohannis

321 2779 461 2860 Baptista
487 2799 547 2843 neo
576 2801 636 2843 non
661 2789 841 2846 sanctorum
869 2785 989 2848 meritis
1016 2785 1163 2860 aliorum,
1197 2782 1359 2858 omnbus,
1390 2782 1445 2862 qui
1473 2781 1505 2842 in
1535 2781 1622 2843 anni-

322 2869 459 2930 uersario
482 2869 696 2934 dedicacionis
718 2874 860 2936 ciusdem
883 2875 968 2936 etin
989 2883 1074 2936 ΠΙ]οἳ
1095 2870 1381 2953 sollempnitatibus
1398 2870 1623 2936 sanctelllarie.

320 2957 468 3021 videlicet
489 2960 675 3038 nativitatis,
703 2962 953 3044 purificacionis,
978 2961 1259 3024 annunociacionis
1280 2964 1312 3023 et
1333 2960 1574 3040 assumpcionis
1596 2965 1624 3020 et
1684 2973 1685 3048 q

319 3047 350 3107 in
373 3047 462 3110 festis
485 3047 568 3112 beati
577 3050 729 3113 Iohannis
742 3053 883 3134 Baptista
907 3053 945 3114 ad
968 3051 1146 3134 predictum
1160 3051 1266 3113 locum
1283 3050 1484 3123 convenient
1506 3067 1623 3111 annrrm

320 3155 421 3199 rurum
450 3143 481 3200 et
509 3139 658 3202 karenam
687 3141 725 3204 dc
754 3141 898 3204 ‘iniuncta
926 3141 985 3204 sibi
1010 3140 1189 3224 penitencia
1217 3140 1308 3201 annis
1339 3138 1474 3220 singulis
1503 3139 1624 3201 miseri-
1684 3175 1685 3232 p

319 3226 457 3290 corditer
479 3228 661 3292 relaxamus
682 3251 792 3293 eonnn
814 3232 1044 3314 peccaminum,
1067 3229 1244 3311 dequibus
1267 3247 1340 3291 vere
1363 3228 1491 3291 contriti
1507 3228 1627 3290 fuerint
1684 3243 1685 3320 p

320 3321 351 3376 ot
371 3317 517 3380 confessi.
560 3317 794 3384 Confirmamus
815 3320 933 3382 nichilo
955 3321 1060 3382 minus
1081 3319 1220 3402 presenti
1242 3319 1358 3399 scripto
1380 3323 1411 3379 et
1431 3318 1626 3380 ratificamus
1684 3341 1685 3418 p

320 3423 430 3468 omnes
452 3408 574 3488 gracias
596 3414 627 3470 et
649 3409 877 3491 indulgencias,
899 3429 978 3490 quas
1000 3409 1119 3491 quique
1142 3408 1339 3471 venerabiles
1361 3412 1466 3488 patres
1487 3407 1628 3490 episcopi
1684 3419 1685 3452 t

320 3499 352 3556 et
379 3496 474 3558 ceteri
504 3497 617 3578 prelati
642 3499 803 3578 omnibus,
837 3499 892 3579 qui
921 3499 959 3560 ad
987 3499 1087 3580 ipsam
1115 3497 1352 3560 dedicacionem
1380 3495 1627 3560 confluxerantl

320 3587 352 3644 et
372 3584 404 3644 in
427 3587 644 3650 anniversario
666 3589 809 3652 eiusdem
832 3594 864 3652 et
883 3590 916 3651 in
928 3587 1153 3651 festivitatibus
1169 3606 1265 3668 supra
1281 3586 1478 3649 dictisannis
1492 3585 1628 3668 singulis
1684 3595 1685 3662 3

320 3673 498 3753 conllucnt,
526 3679 653 3740 racione
680 3679 774 3741 sirnili
798 3679 992 3742 contulerint
1012 3683 1043 3740 et
1065 3679 1165 3740 eciam
1188 3675 1412 3738 contulerunt¹.
1454 3673 1575 3738 Datum
1598 3676 1629 3736 in

320 3761 417 3824 Porta
444 3785 527 3828 armo
555 3766 675 3830 domini
702 3777 903 3845 MCOLXVHJ,
931 3768 962 3829 in
985 3768 1035 3830 die
1057 3766 1231 3830 nativitatis
1253 3771 1360 3828 sancte
1383 3764 1498 3842 Mario,
1524 3765 1630 3846 ponti·
1684 3839 1685 3842 ,

319 3853 435 3916 ficatus
456 3856 556 3918 nostri
578 3876 661 3919 anno
680 3867 788 3920 XXHH
796 3869 817 3921 ⁰.
1684 3881 1685 3926 l

390 3969 477 4023 ιυαε
488 3969 1055 4043 noqameaaampnmus(sacoma
1070 3970 1195 4025 maur
1210 3969 1632 4036 urauneannanmaee

321 4050 384 4114 (Nr.
401 4053 474 4114 211),
493 4054 548 4116 anf
558 4052 651 4105 welche
666 4051 713 4106 der
727 4053 861 4108 Scbreiber
876 4053 946 4106 noch
960 4053 1099 4106 mencium
1114 4051 1275 4104 attractant
1291 4053 1340 4104 mit
1354 4057 1387 4103 ut
1400 4067 1488 4120 supra
1500 4049 1630 4103 mocrst.
1684 4063 1685 4122 ᾖ

322 4121 498 4200 blucupletat
533 4131 645 4185 cex⁰ll
663 4149 696 4186 cr
708 4133 922 4187 ammeca-nan
941 4132 1054 4186 Parracis
1066 4149 1093 4188 u.
1106 4131 1358 4186 Bartsch-Schamal
1376 4131 1465 4184 hcm
1482 4129 1523 4184 dic
1542 4129 1632 4182 Worte
1684 4127 1685 4174 l

320 4210 450 4262 zwtsclten
468 4209 658 4265 innocenciam
677 4211 735 4266 ward
753 4213 801 4282 qui
820 4229 880 4279 ruap.
918 4202 1064 4266 “ecclesia
1107 4210 1269 4288 ‘'singulor.
1288 4211 1317 4264 D
1354 4208 1526 4318 singulorum
1550 4209 1632 4272 Part,
1684 4257 1685 4278 ἶ

321 4289 523 4354 &rt-Scirum,
543 4289 652 4344 Oorssen
697 4281 749 4343 ‘s‘¹
795 4291 904 4344 gnobit
946 4292 959 4330 ¹1
979 4289 1141 4361 langrauius
1182 4290 1366 4344 ¹marchionc
1433 4287 1630 4343 confluxerunt

323 4369 401 4434 Part,
420 4369 624 4434 Bet-Sabou,
644 4369 754 4424 (lorsam
808 4361 813 4398 ¹
834 4369 1013 4424 contulerunt
1031 4377 1058 4424 et
1075 4371 1160 4424 etiam
1179 4369 1347 4425 contulerint
1368 4367 1479 4422 wesen

394 4457 739 4516 muranaunaaaa
753 4478 842 4514 wara
856 4463 1132 4529 aaaauanraffaa
1146 4459 1470 4528 aaaecafsneaea
1496 4457 1633 4513 usaue

321 4539 481 4610 Bedeutanp
498 4558 548 4594 aon
560 4545 677 4612 patruus
696 4541 743 4609 apl.
756 4540 874 4609 Harqact
883 4543 914 4594 in
923 4541 998 4595 Neue
1007 4542 1099 4596 Mittit.
1109 4542 1135 4600 d.
1149 4540 1336 4598 Tincta-Sdcbs.
1346 4539 1453 4593 Varenus
1463 4537 1559 4602 XIII,
1570 4543 1632 4597 312.
1684 4543 1685 4604 3
