3410 5146
305 360 339 414 86
677 360 907 417 Urlrundenbuclr
925 363 973 416 des
992 362 1117 417 chstera
1137 363 1238 416 Pforte.

304 511 441 575 Siiridus
469 511 568 575 abbas
609 512 830 594 Pigaugensis,
872 514 967 598 Hugo
1006 515 1185 598 prepositus
1226 515 1265 578 de
1301 523 1410 580 sancto
1443 515 1602 583 Mauricio.

305 601 475 666 Gunradus
499 601 655 673 decanus,
677 602 860 684 Veiquiuus
887 609 1008 682 eustoc,
1030 603 1219 668 Ludewicns
1242 604 1281 667 de
1303 604 1426 684 Salelre,
1447 605 1603 682 Gerlacns,

305 691 456 774 magister
494 691 642 756 Huwicio
692 712 764 756 eum
810 695 924 757 ceteris
954 693 1219 776 Nuenburgensis
1258 693 1393 760 ecclesie
1437 697 1603 763 canonicis.

305 780 477 844 Heinricus
515 779 612 844 abbas
640 782 679 845 de
722 789 831 846 sancto
864 782 1014 865 Georgia,
1052 783 1206 846 Albertus
1236 783 1335 848 abbas
1367 785 1406 848 de
1435 783 1603 868 Puzaugia,

304 869 464 934 Iohannes
488 871 666 954 prepositus
687 871 727 934 de
748 876 857 935 sancto
880 871 1053 955 Stephano,
1073 871 1225 936 Albertns
1246 873 1344 936 abbas
1365 873 1404 937 de
1425 873 1608 958 Burgelinm

304 958 468 1022 Amcldus
499 961 678 1043 prepositus
715 961 845 1024 maioris
883 961 1016 1025 ecclesie
1055 963 1086 1024 in
1118 961 1206 1036 Cice,
1239 961 1423 1026 Waltherus
1460 965 1604 1036 decanus,

216 1132 219 1138 Ι
306 1047 493 1112 Alexander
514 1048 699 1113 scolasticus
721 1056 752 1113 et
772 1052 868 1114 ceteri
892 1052 1036 1114 canonici
1060 1051 1215 1128 Zicenses,
1237 1051 1450 1118 Theodericus
1467 1055 1604 1118 marchio

306 1137 489 1216 Misnensis,
519 1137 687 1202 Cunradus
717 1140 857 1203 marchio
891 1141 929 1204 de
961 1140 1069 1212 Lusit,
1104 1141 1317 1206 Theodericus
1350 1143 1542 1226 burgravius
1568 1144 1603 1206 oie

305 1226 502 1308 Kyrchberg,
532 1227 684 1292 ulbertus
704 1229 743 1291 de
768 1228 895 1308 Drcizc,
916 1227 1150 1294 Erkemboldus
1172 1230 1211 1293 de
1233 1231 1375 1311 Grizlau,
1396 1233 1605 1298 Heidenricus

306 1316 346 1380 de
367 1316 474 1396 Weta,
502 1317 661 1382 Rudollus
690 1319 729 1381 de
757 1319 917 1398 Brmcwe,
943 1319 1125 1400 Volqninus
1152 1321 1346 1384 marscalcus
1370 1329 1403 1384 et
1431 1322 1484 1384 alii
1514 1342 1606 1403 quarn

249 1413 250 1416 ’
305 1405 422 1489 pluras.
459 1406 540 1470 Acta
565 1413 671 1471 autem
693 1413 768 1470 sunt
788 1408 847 1472 hec
869 1427 953 1471 anno
976 1408 1015 1471 ab
1037 1409 1255 1473 incarnatione
1268 1410 1396 1473 domini
1418 1421 1606 1488 M⁰CC⁰wlt

305 1495 478 1560 indictione
499 1505 549 1560 X!

375 1611 387 1640 ¹
404 1610 574 1666 contulimus
590 1612 616 1665 T

379 1715 472 1774 ¹1207.
492 1717 622 1786 Aprii22
646 1717 679 1770 iat
708 1717 865 1786 Enyelhcrd
886 1735 948 1772 aum
967 1717 1091 1785 Babcbcsc
1113 1720 1230 1787 pewaibt.
1274 1717 1328 1788 Vyl
1348 1719 1553 1776 effluitecrstarb
1569 1719 1607 1774 ΙΙ
1697 1715 1698 1718 ’

306 1795 484 1946 {giffar
509 1795 617 1850 Macte
633 1796 688 1850 dica
708 1798 810 1852 aclrcint
827 1814 882 1852 arc·
899 1797 1075 1867 Bestdbbunp
1100 1800 1171 1852 anm
1189 1797 1316 1910 stabam
1338 1797 1470 1852 Tonacbca
1490 1813 1524 1851 zu
1546 1799 1607 1852 scin

307 2099 422 2183 1208.
1546 2101 1609 2186 63.

387 2243 523 2326 Biscbof
549 2243 686 2310 Koarod
718 2225 775 2309 oon
806 2245 1009 2310 Hclbcrstcdt
1039 2245 1165 2309 aeblicbt
1165 2249 1194 2308 ct
1224 2247 1314 2309 cinca
1342 2245 1436 2310 Strcit
1461 2245 1612 2310 awischen
1697 2279 1698 2328 p

346 2335 415 2399 darn
438 2333 564 2399 chstcr
587 2333 693 2418 Pfcrtc
718 2335 786 2398 und
811 2333 964 2400 Heinrich
991 2355 1048 2399 von
1079 2335 1294 2400 Scttcrimosen
1318 2335 1393 2400 iiber
1421 2333 1611 2417 Wcioberps·

347 2423 415 2488 und
434 2425 551 2488 aedae
572 2424 718 2490 Mate
705 2443 741 2490 aa
766 2423 903 2506 Osfcrdc.
1697 2429 1698 2434 ’

340 2539 350 2556 ’“
458 2541 592 2600 Hdecbr:
609 2543 639 2597 D
652 2547 686 2597 16
703 2545 755 2612 (tit.
775 2542 948 2611 Odeatorde),

459 2646 570 2702 Druck:
588 2647 721 2704 Deiotari:
746 2648 860 2716 WolffI,
878 2653 940 2702 274.

388 2753 427 2816 In
457 2754 586 2818 nomine
621 2759 729 2818 sancte
757 2761 788 2818 et
815 2754 979 2819 individue
1008 2757 1170 2818 trinitatis:
1213 2754 1381 2818 Ounradns
1407 2755 1516 2818 divina
1536 2775 1615 2839 pro·

308 2843 450 2906 videntia
475 2851 582 2906 sancte
604 2841 882 2908 Halberstadensis
899 2845 1033 2909 ecclesie
1057 2847 1278 2928 episcopusin
1300 2853 1497 2929 perpetuum.
1530 2844 1617 2921 ,Qui-

309 2949 447 3015 cumque
476 2938 657 2996 contractus
684 2934 719 2995 in
744 2940 853 2996 nostra
872 2936 1032 3018 presentia
1052 2934 1287 2998 racionabiliter
1307 2935 1555 3011 contrahuntur,
1576 2953 1617 2996 ne

308 3021 501 3105 precedente
527 3028 668 3106 tempore
695 3042 752 3106 per
779 3023 992 3107 malignorum
1018 3024 1215 3107 calumpnias
1240 3023 1474 3103 convellantur,
1494 3025 1617 3087 iustum

310 3115 358 3176 est
383 3118 415 3175 et
440 3112 579 3175 maxime
606 3119 856 3176 consentaneum
881 3114 1017 3192 racioni,
1043 3121 1079 3176 ut
1104 3120 1212 3176 nostro
1238 3113 1398 3176 firmitatis
1426 3111 1538 3176 robore
1565 3133 1617 3175 ro

310 3199 471 3266 borentur.
518 3200 565 3264 Ea
600 3207 729 3284 propter
761 3203 910 3265 noverint
943 3203 1101 3280 universi,
1133 3203 1232 3284 quod,
1269 3221 1341 3266 oum
1374 3204 1456 3266 inter
1483 3201 1619 3266 dilectos

309 3295 435 3354 nostros
455 3289 600 3353 abbatem
623 3297 654 3353 et
674 3293 903 3354 monasterium
924 3291 1071 3356 dePorta
1093 3311 1134 3355 ex
1154 3311 1220 3355 una
1241 3297 1343 3376 parte,
1365 3313 1405 3356 er
1429 3292 1618 3356 alteravero

308 3377 499 3442 Heinricum
534 3380 572 3442 de
602 3377 799 3442 Suttenhenl
833 3399 929 3464 super
961 3381 1084 3445 decima
1110 3389 1173 3444 tam
1203 3383 1367 3446 vinearum
1395 3401 1489 3462 quam
1520 3382 1617 3445 etiam

311 3469 446 3533 aliorum
474 3477 686 3553 proventuum
714 3469 820 3532 allodii
843 3472 875 3532 in
899 3471 1047 3550 Ostordc,
1071 3491 1165 3552 (piram
1188 3491 1206 3532 a
1226 3470 1318 3534 uobis
1340 3471 1423 3534 idem
1444 3471 1621 3535 Heinricus

313 3561 380 3624 iurc
416 3559 531 3624 feodali
565 3568 672 3624 tenere
704 3559 829 3623 dicebat
858 3580 892 3623 sc
920 3567 1117 3642 constanter,
1144 3561 1243 3623 rnultn
1271 3562 1383 3624 fuisset
1411 3567 1549 3644 tempore
1579 3561 1620 3624 lis

312 3647 455 3726 suborta,
488 3669 544 3712 nos
576 3649 717 3726 tandem,
749 3657 782 3712 ut
813 3650 912 3713 nostri
944 3651 1108 3729 intererat,
1140 3651 1222 3714 hanc
1243 3653 1327 3715 inter
1349 3671 1403 3715 eos
1425 3651 1621 3717 discordiam

312 3740 513 3823 complanare
534 3739 678 3803 volentes
704 3744 809 3822 partes
838 3745 962 3804 nostras
990 3740 1031 3804 ad
1053 3740 1171 3804 bonnm
1193 3742 1281 3824 pacis
1302 3742 1505 3824 interponere
1526 3758 1622 3803 curu-

313 3832 418 3894 vimus
446 3829 594 3893 studiose.
637 3828 806 3912 Perspecto
834 3829 961 3893 tandem
991 3830 1180 3914 privilegic²
1201 3830 1310 3893 domni
1331 3836 1363 3893 et
1384 3831 1624 3914 predecessoris

312 3921 411 3984 nostri
434 3919 538 3983 felicis
557 3917 785 3981 recordationis
806 3919 905 3982 Virici
937 3920 1090 4002 episcopi,
1112 3940 1174 4000 qno
1196 3921 1255 4004 ipsi
1274 3919 1423 3982 monaehi
1444 3919 1622 4003 plurimum

312 4009 542 4088 innitebantur,
570 4007 768 4074 sufficienter
791 4009 883 4070 ncbis
911 4011 1051 4072 constitit
1077 4029 1118 4072 ex
1144 4011 1256 4073 eodem
1284 4011 1442 4093 prefatum
1464 4009 1623 4072 domuum

313 4105 456 4163 nostrum
493 4099 531 4162 de
568 4117 725 4162 censensu
759 4099 888 4160 maioris
923 4099 1050 4182 capituli
1084 4099 1243 4162 ‚decimam
1280 4101 1325 4162 eis
1362 4101 1493 4180 antique
1525 4099 1623 4160 rince
1697 4139 1698 4174 ,

312 4190 493 4268 contulisse,
515 4189 567 4251 cui
582 4189 678 4252 ctiam
697 4188 878 4250 donationi·
899 4188 1067 4270 prebentes
1089 4208 1251 4253 assensum
1274 4196 1374 4252 ratam
1396 4188 1566 4252 babuimus
1591 4197 1626 4250 et

313 4281 513 4346 decrevimus
539 4297 608 4342 esse
636 4277 798 4346 standum.
820 4277 978 4358 prefatum
1000 4279 1186 4341 Heinricum
1210 4279 1249 4341 ad
1271 4280 1330 4340 boc
1353 4279 1481 4340 monitis
1502 4278 1626 4340 nostris

311 4370 512 4445 inducentes,
542 4368 626 4448 quod
646 4369 712 4449 ipse
735 4365 875 4448 predicte
897 4365 1032 4444 decime,
1054 4367 1183 4447 antique
1204 4369 1297 4432 rinee
1320 4368 1479 4444 videlicet,
1501 4385 1626 4430 renun-
1697 4415 1698 4418 ,

312 4461 408 4524 ciavit
436 4457 627 4522 omnimodis
655 4475 762 4518 coram
792 4454 907 4517 nobis·
941 4455 1034 4518 Unde
1066 4455 1169 4518 taliter
1199 4458 1362 4520 intereos
1390 4457 1429 4518 de
1459 4473 1627 4520 consensu
1697 4493 1698 4522 1

312 4555 423 4611 mutuo
444 4546 586 4610 medium
605 4545 740 4608 fecimus
759 4549 946 4624 statuentes,
967 4550 1003 4606 ut
1023 4545 1156 4628 predicti
1177 4546 1324 4614 monachi
1346 4545 1502 4609 decimam
1523 4543 1626 4608 vinee
1697 4579 1698 4608 ;
