3392 5150
512 371 562 430 Νι.
573 372 720 430 aee-291.
741 373 921 430 1290-1291.
1318 369 1369 428 287

89 526 184 612 1290.
212 525 449 608 December
475 524 536 610 14.
563 523 835 622 Neuenburg.
1275 523 1369 604 ⁶290.

150 661 291 726 Allarcchi
311 661 487 742 Landyraf
502 681 560 724 uon
579 658 761 739 Tbairinpca
783 661 882 740 epact
901 659 969 722 dem
992 657 1117 722 Kloster
1140 657 1246 740 Psortc
1267 664 1289 722 3
1308 659 1371 722 ilem

118 772 166 815 ron
197 749 349 814 Heinrich
375 771 433 814 voa
457 747 653 828 erdesberp
682 750 738 812 mit
766 747 1003 829 Geaebmipuap
1036 745 1119 812 Ottos
1145 768 1204 810 oon
1233 748 1371 828 Barpoa

118 841 272 921 rerbuaefic
292 839 403 921 Hafcn
427 839 460 902 ia
482 839 698 920 Krispendorf
711 840 792 901 nacla
815 837 1018 918 Res-ipaotioa
1035 837 1088 900 des
1109 837 1248 902 terrem
1268 858 1318 902 aa.

218 979 353 1036 uaeas:
371 979 400 1032 o
416 983 452 1033 ec
469 979 520 1046 (rc.
534 979 641 1038 unsar.

219 1084 331 1138 eruce.-
348 1083 484 1138 Deuca:
509 1081 593 1151 norff
607 1083 650 1150 rr,
667 1087 729 1138 rao.

150 1212 185 1276 In
214 1211 341 1275 nomine
370 1210 498 1274 domini.
530 1211 644 1274 Amen.
686 1211 753 1274 Nos
778 1207 954 1292 Al[bertus]
986 1211 1037 1273 dei
1069 1212 1175 1292 gracia
1202 1211 1373 1296 Thuringie

87 1301 272 1384 lancgrarius
293 1299 496 1380 Saxonieque
519 1319 625 1364 comes
646 1301 804 1382 palatinus
827 1299 975 1362 omnibus
996 1300 1078 1362 banc
1100 1299 1236 1364 litteram
1259 1303 1375 1365 visuris

87 1395 112 1454 iu
140 1398 333 1474 perpetuum.
385 1388 503 1465 Notum
537 1389 671 1452 iacimus
701 1395 766 1452 tam
797 1389 953 1472 presentis
983 1389 1033 1451 evi
1066 1389 1247 1452 hominibus
1278 1411 1373 1472 quam

88 1482 179 1560 loturi,
201 1478 286 1562 quod
308 1488 372 1542 tres
393 1497 520 1541 mansos
541 1487 647 1541 nostre
669 1478 870 1562 proprietatis
891 1479 968 1540 sitos
986 1479 1019 1540 in
1042 1499 1121 1561 pago
1139 1479 1213 1542 ville
1229 1480 1375 1565 Crispeu-

88 1571 182 1646 dorii,1
216 1589 296 1652 quos
316 1567 488 1632 Heinricus
516 1567 607 1630 miles
630 1568 668 1630 de
693 1567 921 1631 Waldesberlr‘l
943 1567 1070 1630 domino
1092 1568 1198 1631 abbati
1220 1569 1258 1632 de
1281 1569 1376 1633 Porta

88 1667 112 1721 et
133 1679 186 1722 suo
214 1657 386 1722 conventui
416 1656 587 1720 accedente
609 1676 768 1719 consensu
790 1656 906 1719 nobilis
928 1657 987 1720 viri
1009 1655 1134 1720 Ottouis
1156 1658 1194 1720 de
1218 1659 1376 1742 bergom-'¹

88 1769 102 1810 a
120 1769 175 1830 quo
194 1769 249 1812 eos
270 1749 339 1811 iure
359 1747 477 1812 feodali
498 1749 609 1824 tenuit,
630 1767 686 1830 pro
708 1749 812 1809 anime
835 1766 891 1810 sue
911 1745 1051 1810 remedio
1069 1746 1270 1828 delegaverat
1281 1769 1376 1829 quos-

88 1857 139 1918 que
165 1838 247 1901 idem
271 1837 305 1900 0.
331 1838 362 1899 in
396 1856 511 1898 manus
536 1843 661 1900 nostras
688 1837 873 1918 resignavit,
906 1855 943 1900 eo
971 1837 1056 1918 quod
1083 1837 1221 1919 prefatos
1248 1857 1376 1902 mansos

88 1927 204 1992 anobis
225 1926 321 1990 simili
343 1927 413 1988 inre
435 1931 566 2002 teneret,
587 1925 862 2009 adpropriavimus
875 1932 907 1989 et
919 1926 1170 1989 contradidimus
1186 1932 1376 1991 monasterio

90 2017 219 2080 Portensi
245 2036 319 2079 cum
348 2015 496 2078 omnibus
523 2016 589 2079 suis
615 2017 833 2098 pertinenciis
854 2017 938 2097 agris
957 2015 1052 2078 cultis
1072 2021 1104 2078 et
1123 2016 1265 2096 incultis
1287 2020 1377 2094 areis,

87 2109 213 2189 pascuis,
240 2105 354 2188 pratis,
376 2104 473 2184 silvis,
494 2103 688 2184 nemoribus
709 2104 810 2185 aquis,
832 2123 987 2185 aquarum
1009 2103 1197 2167 decursibus
1218 2123 1254 2168 ac
1276 2105 1377 2170 omni-

90 2196 139 2258 bus
157 2194 344 2260 utilitatibus
367 2211 453 2257 nunc
474 2195 507 2255 in
529 2194 575 2256 eis
597 2193 823 2277 apparentibus
845 2193 895 2256 vel
916 2193 1118 2277 postmodum
1142 2197 1379 2275 quomodolibet

88 2287 254 2364 emersuris
275 2285 345 2348 iure
358 2283 558 2367 proprietatis
579 2291 732 2367 perpetuo
754 2283 970 2365 possidendos.
1004 2283 1046 2348 Ut
1066 2291 1172 2348 eutem
1194 2286 1252 2350 heo
1271 2295 1379 2352 nostra

88 2375 208 2439 donacio
230 2381 382 2458 perpetua
402 2374 553 2436 firmitate
576 2371 714 2435 stabilita
733 2373 893 2450 consistat,
914 2380 1092 2455 presentem
1114 2373 1252 2438 litteram
1271 2383 1379 2440 nostro

88 2465 179 2545 sigillo
200 2484 273 2527 cum
295 2463 430 2544 ydoneis
451 2462 585 2526 testibus
604 2463 739 2526 fecimus
759 2463 916 2544 insigniri,
938 2462 1085 2525 uidelicet
1096 2461 1169 2526 Otto
1193 2464 1232 2527 de
1245 2465 1377 2547 Bergou

89 2563 115 2614 et
142 2603 174 2616 ..
205 2553 292 2616 filius
325 2572 417 2629 suus,
449 2551 619 2614 Bertoldus
650 2552 688 2614 de
721 2551 841 2629 Greisa
873 2549 946 2614 Otto
980 2551 1019 2612 de
1053 2551 1225 2615 Wecbmar
1255 2554 1380 2635 milites,

88 2641 479 2726 llatbiasprotbonotarius
497 2647 604 2704 noster
625 2649 656 2704 et
675 2641 848 2703 canonicus
864 2639 1135 2723 Nuemborgensis
1156 2648 1187 2704 et
1209 2643 1263 2705 alii
1285 2663 1379 2724 quam

89 2731 185 2812 plures
210 2732 276 2795 lide
308 2732 404 2814 digni.
446 2730 563 2794 Datum
594 2733 628 2793 in
657 2730 749 2794 Novo
778 2737 880 2793 castro
912 2750 996 2792 anno
1030 2731 1150 2794 domini
1175 2741 1321 2810 libelle-⁰,
1346 2735 1379 2795 in

89 2823 214 2884 crastino
236 2829 344 2884 sancte
366 2819 462 2884 Lucie
484 2821 624 2902 virginis.

151 2959 160 2996 ¹
187 2959 244 3013 Eia
269 2959 319 3014 Ort
344 2957 389 3012 dee
413 2957 535 3012 Numeres
562 2958 625 3026 liept
653 2959 768 3012 wcetlicb
790 2975 841 3011 tua
863 2955 977 3023 Selilais,
1005 2959 1062 3011 aleo
1085 2959 1159 3012 aielrt
1184 2959 1241 3011 tacit
1263 2975 1312 3013 ran
1330 2958 1382 3014 dea

87 3037 173 3102 sralrcr
188 3041 344 3094 modbrrtcn
361 3038 541 3108 Beeitrampcn
558 3038 603 3092 dee
621 3038 743 3092 Kloetere
760 3039 800 3092 boi
817 3038 996 3106 Zicpcrnttcb·
1017 3039 1048 3091 ob
1065 3037 1178 3092 dercilo
1196 3039 1253 3092 bier
1269 3041 1383 3108 penaeiot

87 3117 129 3181 ret,
154 3119 217 3174 tarot
238 3119 296 3172 sicle
317 3119 357 3172 bei
378 3117 438 3171 dem
456 3117 566 3186 Marapel
588 3119 656 3172 aller
675 3117 895 3185 Anbaltepraaltc
918 3118 993 3170 mula
1010 3117 1183 3176 catecbeidca.
1229 3117 1312 3186 Wolff
1327 3136 1382 3172 rcr-

88 3198 179 3252 rautbct
197 3197 389 3266 Krippcndors
401 3197 531 3251 zwisalten
548 3197 619 3251 Jeno
635 3197 695 3252 ared
709 3197 829 3266 Apolda,
852 3199 900 3260 fiir
917 3197 968 3250 dae
980 3197 1075 3264 jcdocb
1098 3197 1140 3250 dic
1159 3197 1242 3252 lbrm
1259 3197 1383 3264 dapen-

87 3273 153 3343 dorff
166 3279 239 3332 nictit
256 3277 458 3332 vmaakommca
474 3277 583 3334 ccbcint.
638 3275 651 3316 Β
669 3274 754 3330 Nicbt
773 3277 979 3330 mebeawcisen.
1016 3275 1074 3330 Eia
1093 3276 1282 3346 Ncuoalarrpcr
1300 3277 1382 3331 Dom-

88 3353 143 3408 um
165 3355 301 3411 Remea
327 3373 378 3410 eon
402 3355 566 3424 Wautooeq
592 3355 676 3423 findet
699 3355 756 3410 eea
781 3359 850 3409 1304
874 3354 934 3409 aad
960 3360 1036 3411 1309.
1071 3355 1155 3424 Wolff
1169 3356 1216 3422 rr,
1243 3359 1303 3411 299·
1322 3361 1382 3411 eea.

87 3429 297 3572 mathilde
314 3435 431 3506 Barpau
448 3453 469 3494 a.
482 3437 558 3490 Jcna.
590 3435 670 3490 decb
686 3453 725 3489 aa
742 3435 854 3505 Borqau
871 3453 925 3488 πω.
946 3435 1140 3505 Ectarteberpu
1159 3437 1257 3490 kdnrde
1272 3435 1384 3505 pcdacbt

606 3623 858 3634 ——aa·0—-—-

89 3696 191 3784 1291.
1234 3723 1235 3726 ‘
1286 3698 1384 3782 291.

164 3835 312 3916 Hortamp
341 3833 465 3917 Prope,
497 3833 628 3914 Hcdwip
653 3821 797 3898 rlbtissin
827 3835 896 3898 aad
927 3835 983 3899 der
1003 3833 1149 3898 Konverrt
1175 3835 1230 3898 der
1251 3833 1386 3898 Nemaea

126 3925 404 4097 pihddprmdfflodtort'
424 3925 596 4005 vmkaafen
619 3925 687 3987 cirac
707 3923 795 4004 Hufc
820 3944 862 3989 aa
885 3923 983 3987 sceau
1008 3925 1067 4005 fair
1093 3928 1114 3987 7
1134 3923 1233 3987 Morte
1259 3944 1303 3986 aa
1329 3924 1388 3986 dus

235 4149 367 4205 Hercle.-
384 4147 458 4203 D87
475 4149 642 4212 (titulum).

233 4255 345 4310 aruer.-
365 4255 500 4310 aarum
524 4253 657 4324 Worffrr,
674 4259 736 4312 aar.

168 4376 331 4443 Universis
343 4377 460 4442 Christi
472 4377 624 4441 fidelibus
637 4377 671 4439 in
687 4383 883 4459 perpetuum.
914 4375 982 4439 Nos
992 4375 1180 4458 Hartungus
1201 4377 1389 4459 prepositus,

88 4460 436 4552 Hedewigisabbetissa
448 4473 598 4548 totusque
613 4473 790 4530 conventus
811 4466 1098 4529 sanctimonialium
1121 4468 1153 4529 in
1171 4465 1390 4548 Cappiludorfi

84 4559 194 4619 notum
220 4577 289 4622 esse
314 4559 475 4641 cupimus
503 4557 588 4639 quod
617 4557 658 4620 de
684 4557 828 4620 ‘unanimi
854 4575 1013 4620 consensu
1034 4575 1182 4618 mansum
1204 4556 1386 4637 quondam²
