3402 5152
537 429 745 492 Nune-476.
767 433 947 490 len-1318.
1344 435 1394 490 441

101 587 273 646 nostrarum
299 583 474 646 remedium
502 583 647 648 dedimus
668 590 699 648 et
719 587 991 670 appropriavimus
1010 592 1042 650 et
1061 585 1262 668 presentibus
1283 586 1397 649 damus

101 679 127 736 et
154 675 393 757 appropriamus
425 674 536 738 silvam
562 675 644 757 silve
670 678 811 759 ipsorum
834 677 867 738 in
889 675 1087 739 Borsindorff
1104 678 1302 757 contiguam,
1328 693 1397 759 por·

102 773 211 828 rectam
233 771 343 828 contra
362 766 485 848 plagam
509 767 690 828 orientalem
713 768 796 828 circa
817 768 917 843 viarn,
943 787 1007 849 que
1028 769 1130 848 vergit
1147 767 1180 828 in
1200 769 1311 850 ripam,
1332 786 1398 850 que

99 862 224 918 vocatur
245 856 371 936 Gynna,
392 877 464 918 cunr
493 858 562 918 iure
583 857 672 919 fundi
695 862 726 920 et
746 856 922 940 superficiei
941 877 977 919 ac
998 859 1083 920 omni
1105 858 1239 920 utilitate
1259 859 1397 940 proprie-

99 947 166 1008 tatis
197 953 348 1029 perpetuo
376 947 615 1028 possidendam,
645 948 696 1010 ius
724 948 932 1029 possessionis
958 949 989 1008 in
1013 949 1196 1010 eorumdem
1220 948 1396 1010 dominium

99 1036 293 1119 presentibus
323 1037 557 1101 transferentes.
600 1036 702 1112 Quam
730 1038 857 1119 quidem
888 1037 1000 1100 silvam
1029 1039 1124 1102 iidem
1153 1039 1291 1119 religiosi
1311 1038 1397 1100 insto

98 1129 262 1209 emptionis
284 1127 374 1190 titulo
397 1127 458 1190 sibi
479 1133 732 1210 conparaverunt
752 1128 835 1211 apud
853 1127 1041 1190 Heinricum
1063 1129 1181 1191 dictum
1204 1126 1397 1190 deWorme-

97 1223 170 1280 stete
210 1224 354 1280 nostrum
386 1216 526 1291 fidelem,
558 1219 613 1300 qui
642 1218 774 1280 eandem
805 1239 823 1280 a
856 1216 947 1280 nobis
979 1219 1012 1279 in
1041 1218 1131 1282 t'eodo
1157 1216 1330 1280 habuitne
1356 1217 1395 1280 ad

98 1327 210 1370 manus
240 1313 364 1370 nostras
394 1307 490 1372 libere
521 1309 693 1389 resignavit
722 1327 795 1372 cum
828 1309 914 1370 onrni
947 1309 1028 1386 iure,
1065 1309 1149 1390 quod
1180 1308 1333 1370 habuerat
1362 1309 1395 1369 in

96 1397 215 1476 cadem,
243 1418 279 1459 ac
305 1399 390 1480 ipsos
418 1397 579 1479 religiosos
605 1417 661 1479 pro
685 1419 719 1461 se
744 1419 780 1460 ac
807 1399 875 1460 suis
904 1396 1110 1460 coheredibus
1138 1399 1170 1460 in
1199 1403 1307 1460 nostra
1327 1416 1396 1480 pre·
1473 1420 1479 1433 ’

97 1489 195 1551 sentia
223 1507 319 1572 super
345 1489 500 1551 evictione
527 1488 724 1551 iusticialiter
748 1487 971 1570 gun-andavit.
1014 1487 1051 1549 ln
1078 1489 1170 1552 cuius
1191 1490 1235 1551 rei
1257 1489 1397 1551 testimo-

96 1581 181 1640 ninm
215 1597 345 1661 presens
375 1579 526 1660 scriptum
562 1579 697 1661 desuper
731 1579 909 1641 confectum
947 1579 1047 1640 nostri
1087 1577 1182 1658 sigilli
1218 1578 1397 1640 munimine

94 1669 226 1731 fecimus
246 1666 396 1732 roborari.
431 1667 548 1733 Datum
564 1689 648 1731 anno
668 1671 788 1732 domini
809 1677 1077 1742 M⁰cec⁰xvnr⁰,
1099 1679 1142 1729 V⁰
1158 1669 1231 1731 idus
1245 1667 1396 1730 Ianuarii.

93 1757 197 1822 Testes
219 1764 294 1822 sunt
312 1759 408 1821 frater
429 1757 605 1822 Oristianus
626 1759 665 1821 de
687 1758 876 1838 Bczzyngen
905 1759 1089 1836 monachus,
1116 1759 1212 1822 frater
1233 1757 1398 1820 Conradus

94 1849 131 1910 de
151 1847 323 1924 Vlorstete,
350 1848 446 1912 frater
466 1847 584 1928 Witigo
607 1849 645 1912 (16
667 1848 800 1928 Wynrar
822 1850 966 1912 conversi
988 1851 1022 1910 in
1042 1846 1152 1927 Porta,
1180 1847 1337 1910 lohannes
1359 1847 1397 1908 de

93 1936 237 2016 Condita,
268 1937 427 2002 Henricus
459 1940 497 2004 de
529 1940 646 2020 Glyno,
677 1939 883 2003 Hermannus
913 1937 951 2002 de
983 1937 1119 2020 leystcn
1154 1943 1185 2002 et
1216 1938 1269 2000 alii
1300 1957 1396 2019 quam

92 2029 220 2112 plurimi
242 2027 303 2092 fide
324 2029 420 2112 digni.

610 2149 863 2156 ——....-———

91 2211 202 2293 1318.
230 2212 478 2295 Februarii.
1305 2213 1396 2293 476.

172 2356 237 2421 Dic
263 2359 393 2422 Briidcr
419 2359 543 2440 liudolf
563 2358 633 2422 eriri
655 2360 810 2423 Heinrich
843 2381 899 2423 uoti
931 2359 1106 2440 Gleissbcrp
1136 2359 1306 2422 oereichtcn
1337 2359 1404 2438 auf

129 2447 193 2512 olle
214 2448 401 2530 Arrsprrichc
420 2451 590 2528 pepmiiibcr
610 2451 679 2512 dem
703 2449 829 2513 Kloster
852 2451 959 2532 Pforte
979 2451 1048 2513 etad
1068 2451 1137 2513 (lctis
1166 2449 1397 2528 Wr’rthschofts-

127 2539 201 2619 liofe
222 2539 255 2601 iu
278 2538 488 2620 Porslendors
510 2539 579 2616 anit
606 2539 805 2620 carpilicldea
834 2540 899 2602 sicli
919 2560 1099 2603 resciri-mco
1120 2541 1177 2602 urit
1202 2539 1299 2602 iterem
1326 2540 1398 2601 Ver·-

129 2628 286 2706 wcncllen‚
309 2631 412 2694 liitter
423 2629 548 2710 liudolf
563 2650 619 2693 corz
634 2631 817 2706 Altera-tadi,
839 2629 1037 2696 closKlostcr
1056 2650 1097 2694 eu
1117 2629 1247 2710 fordere
1268 2630 1336 2692 arrd
1356 2649 1398 2692 au

128 2719 284 2783 scbiiircn.
334 2719 398 2800 Vpl.
422 2719 482 2783 Nr.
496 2725 569 2784 440.

241 2851 376 2909 Haecin:
400 2855 424 2908 Τ
431 2859 492 2912 209.

242 2946 358 3002 Druclr:
377 2947 513 3002 Bartsch:
542 2949 623 3016 Wolff
637 2949 678 3016 ΙΙ,
696 2951 757 3004 375.

172 3073 332 3138 Omnibus
361 3074 474 3138 Christi
505 3076 651 3140 tidelibus
678 3097 807 3160 presens
833 3079 984 3160 scriptum
1008 3077 1205 3158 inspecturis.
1248 3074 1313 3138 Nos
1334 3075 1397 3138 Lu-

82 3167 196 3228 dolfus
219 3172 250 3227 et
271 3164 429 3229 Henricus
451 3167 561 3230 iratres
582 3167 655 3230 dicti
677 3168 714 3230 de
737 3167 892 3248 tllysberg
912 3168 1060 3248 cupimus
1080 3185 1149 3228 esse
1172 3171 1291 3243 nattum,
1311 3165 1395 3248 quod

45 3330 47 3334 ¹
79 3277 148 3319 nos
176 3255 216 3316 oh
237 3257 400 3318 intensum
421 3257 578 3336 favorem,
607 3277 700 3339 quem
730 3259 769 3320 ad
796 3259 960 3320 dominum
986 3255 1130 3320 abbatem
1153 3261 1184 3318 et
1204 3263 1394 3318 conventum

78 3348 122 3410 (16
160 3345 256 3408 Porta
288 3345 455 3424 hebernus,
490 3367 547 3410 noc
578 3367 640 3409 nou
677 3367 732 3430 pro
770 3347 907 3410 remedio
940 3347 1118 3408 animarum
1149 3352 1329 3408 nostrarum
1361 3365 1396 3408 ac

74 3436 235 3499 oninium
271 3437 506 3518 progenitorum
538 3445 718 3500 nostrorum
752 3437 902 3500 omnihus
932 3434 1192 3518 inpeticionibus,
1230 3436 1335 3497 causis
1367 3441 1397 3498 et

73 3523 284 3603 actionibus,
310 3544 375 3608 quc
397 3526 489 3588 nobis
509 3526 718 3609 conpetebant
739 3533 848 3590 contra
868 3527 992 3590 eosdem
1016 3525 1178 3608 religiosos
1200 3525 1267 3588 sive
1288 3532 1397 3588 contra

69 3619 263 3681 claustram
283 3614 434 3680 Portense
456 3617 523 3681 sive
545 3619 664 3680 curiam
688 3617 931 3680 inBorsindorff
948 3617 998 3680 vel
1019 3621 1184 3698 conpetere
1206 3615 1397 3678 videbantur

71 3709 116 3770 de
157 3707 230 3768 iure
263 3706 311 3768 vel
340 3706 378 3768 de
407 3707 490 3770 lacto
524 3727 619 3790 super
650 3708 908 3790 quibuscumque
938 3707 1030 3770 honis
1062 3707 1110 3770 vel
1142 3705 1396 3789 possessionibus

67 3815 295 3881 utrocumque
331 3797 401 3860 inre
435 3797 484 3859 vel
510 3797 616 3874 titulo,
647 3797 904 3879 quibuscumque
932 3797 1171 3860 condicionibus
1202 3797 1396 3879 interpositis

67 3889 165 3970 ipsis
199 3885 295 3964 datis,
328 3887 478 3965 venditiS,
516 3888 639 3950 donatis
670 3888 717 3951 vel
747 3889 905 3950 concessis
937 3907 955 3949 a
984 3889 1100 3950 nostris
1131 3885 1396 3970 progenitoribus,

62 3974 242 4042 fratribus
276 3976 326 4040 vel
361 3977 583 4052 coheredibus,
627 3977 708 4041 bona
745 3984 775 4040 et
808 3975 906 4040 libera
936 3976 1098 4040 voluntate
1129 3983 1160 4040 ct
1193 3977 1396 4040 conniventia

61 4067 404 4148 omnium„quorum
426 4068 578 4131 interesse
601 4068 733 4146 uidetur,
755 4066 1057 4131 abrenunciarimus
1078 4073 1109 4130 et
1128 4067 1395 4130 abrenunciamus

60 4157 215 4243 publice
237 4175 292 4237 per
312 4157 372 4238 hec
393 4160 518 4239 scripta,
540 4157 716 4240 obligantes
738 4177 795 4220 nos
817 4158 851 4219 in
873 4157 1009 4220 solidum
1031 4177 1086 4238 pro
1105 4156 1253 4220 omnibus
1269 4157 1395 4220 cohere-

56 4249 183 4312 dibus
206 4247 323 4308 nostris
344 4267 440 4330 super
460 4249 625 4312 evictionis
646 4252 677 4311 et
696 4247 970 4330 guarandiarum²
990 4249 1142 4311 caucione
1164 4249 1308 4310 omnium
1326 4267 1395 4329 pre·

53 4340 261 4403 missorum
289 4336 485 4400 iusticialiter
511 4337 663 4400 facienda.
705 4337 840 4419 Insuper
868 4335 1070 4419 exigentibus
1098 4338 1217 4402 meritis
1242 4342 1273 4401 et
1300 4336 1394 4400 bene·

53 4429 159 4493 ticiis
205 4425 390 4492 eorumdem
423 4427 644 4508 religiosorum
680 4449 740 4491 nos
777 4447 844 4490 una
874 4445 946 4490 cum
978 4427 1091 4490 dilecto
1123 4434 1255 4509 cognato
1286 4433 1394 4490 nostro

53 4513 223 4584 Ludolfo
244 4513 326 4576 dicto
349 4515 387 4579 de
408 4516 563 4580 Alrestete
587 4517 686 4580 milite
708 4519 741 4580 in
763 4516 853 4580 Novo
874 4515 941 4579 foro
964 4517 1002 4578 ad
1024 4519 1253 4598 promotionem
1274 4523 1306 4580 et
1322 4537 1393 4600 pro-

47 4611 257 4674 tectionem
277 4604 418 4688 predicte
437 4605 570 4686 ecclesie
590 4608 839 4687 constringimus
861 4611 891 4668 et
912 4606 1112 4690 presentibus
1129 4606 1317 4690 obligamus,
1339 4609 1393 4692 qui
