3442 5148
295 359 327 415 10
661 361 893 417 Urkrmdenbuch
910 360 959 416 dee
978 361 1102 416 Klosters
1121 359 1223 416 Psorte.

293 531 403 576 eorum
435 513 595 594 regalibus
635 515 760 577 statutis
792 519 903 577 contra
931 511 1139 596 inproborum
1173 511 1341 574 violentias
1369 511 1404 574 in
1436 516 1598 593 posterum

293 604 498 667 communire.
544 603 708 667 Universis
729 603 862 686 proinde
886 603 1001 666 Christi
1022 601 1174 666 fidelibus
1193 608 1257 664 tarn
1279 599 1479 684 presentibus
1501 619 1597 682 quam

291 693 408 755 futuris
432 699 543 757 notum
570 712 640 756 esse
663 694 826 772 volumus,
849 694 934 776 quod
956 713 1015 757 nos
1036 692 1189 756 Portense
1211 690 1378 754 cenobium
1401 709 1475 754 cum
1497 689 1597 752 omni-

293 779 352 844 bus
382 782 636 864 possessionibus
667 784 734 846 suis
765 783 825 847 sub
863 789 971 846 nostre
1004 782 1199 845 defensionis
1230 785 1357 844 scutum
1388 780 1597 863 suscipientes

291 871 513 935 concambium
535 872 627 950 illud,
650 871 736 953 quod
757 892 776 934 a
795 871 971 936 venerabili
991 875 1093 934 Vtone
1115 869 1362 951 Nuenburgensi
1387 869 1534 952 episcopo
1557 869 1597 932 de

292 959 361 1022 loco
382 958 563 1025 Zmdlnensi
586 967 681 1042 atque
694 962 840 1025 Portensi
858 962 993 1044 consilio
1013 965 1045 1024 et
1065 959 1228 1023 voluntate
1250 961 1378 1022 nostral
1398 960 1519 1022 facttum
1539 967 1596 1040 cst

292 1055 395 1112 ratum
417 1071 486 1114 esse
509 1051 725 1130 decernimus,
745 1053 791 1114 ita
812 1053 972 1128 nimirum,
993 1055 1029 1113 ut
1050 1055 1114 1112 tam
1134 1050 1202 1132 ipse
1223 1069 1319 1131 quam
1339 1069 1450 1114 omnes
1471 1069 1597 1114 succes-

292 1159 379 1203 sores
391 1142 440 1203 sui
451 1141 604 1205 fratribus
616 1141 654 1205 de
667 1141 771 1216 Porta,
787 1142 842 1223 qui
856 1161 912 1224 pro
926 1141 1050 1223 magnis
1063 1139 1188 1202 modica
1197 1139 1232 1200 in
1245 1139 1431 1202 concambio
1448 1160 1597 1225 suscepe-

292 1235 374 1308 runt,
392 1231 430 1294 de
442 1232 697 1314 possessionibus
710 1233 919 1315 episcopatus,
941 1230 1027 1311 quod
1044 1231 1151 1292 minus
1162 1229 1283 1292 factum
1301 1235 1357 1306 est
1376 1230 1503 1314 singuli
1514 1231 1598 1294 sicut

291 1325 444 1383 statutum
455 1327 511 1401 est,
528 1322 596 1384 sine
612 1322 803 1401 cuiusquam
817 1320 1068 1384 contradictione
1087 1319 1236 1382 studeant
1253 1319 1410 1402 supplere,
1428 1339 1597 1402 quousque

290 1407 383 1472 bonis
404 1408 647 1475 Zmdlnensibus
668 1411 837 1474 videantur
857 1409 984 1491 equalis
1005 1409 1171 1492 recepisse.
1211 1407 1361 1473 Preterea
1381 1429 1438 1493 pro
1454 1411 1597 1474 remedio

291 1499 396 1563 anime
407 1505 514 1565 nostre
525 1521 585 1565 nec
600 1519 664 1563 non
676 1507 708 1564 et
718 1505 884 1584 parentum
899 1504 1082 1562 nostrorum
1098 1498 1232 1562 ecclesie
1244 1499 1282 1563 de
1294 1499 1390 1562 Porta
1401 1507 1433 1564 et
1444 1501 1599 1566 fratribus

290 1588 350 1652 deo
376 1591 456 1654 inibi
482 1591 711 1654 famulantibus
742 1590 856 1654 silvam
884 1590 1045 1672 quandam
1076 1589 1298 1672 Nuenhegen³
1329 1595 1546 1674 nuncupatam
1578 1612 1599 1654 a
1715 1627 1717 1682 i

290 1678 393 1742 rivulo
421 1679 484 1743 Laz
512 1681 595 1744 dicto
624 1699 726 1762 usque
755 1679 795 1743 ad
817 1680 915 1743 alium
936 1680 1076 1743 rivulum
1098 1679 1296 1762 Orumpachl
1319 1699 1421 1762 nsque
1444 1681 1484 1745 ad
1502 1701 1598 1766 supe-

290 1769 405 1832 riorem
426 1775 555 1834 stratam
577 1771 785 1834 determinate
806 1771 1023 1834 concessimus
1049 1773 1082 1832 et
1105 1770 1139 1832 in
1161 1771 1383 1854 proprietatem
1406 1771 1599 1836 donavimus
1715 1785 1716 1796 ¹

289 1877 362 1921 cunr
385 1861 472 1922 omni
492 1860 642 1924 videlicet
662 1861 806 1940 utilitate,
828 1880 890 1941 que
912 1859 963 1923 vel
985 1859 1218 1943 presentialiter
1238 1860 1290 1925 vel
1305 1861 1338 1922 in
1356 1862 1465 1924 futuro
1475 1861 1597 1926 ibidem

289 1949 457 2030 provenire
484 1937 595 2033 potest
642 1950 711 2014 Hec
745 1951 902 2032 siquidem
932 1949 973 2012 ob
1000 1950 1216 2013 interventum
1247 1950 1372 2014 Alberti
1403 1951 1599 2015 venerabilis

290 2037 412 2102 abbatis
432 2039 575 2118 lecimus,
597 2040 651 2121 qui
675 2045 751 2104 tunc
771 2041 923 2123 temporis
944 2039 1078 2104 eandem
1101 2041 1186 2102 rexit
1206 2039 1398 2103 ecclesiam.⁵
1432 2040 1476 2104 Ut
1487 2047 1598 2106 autem

289 2127 348 2190 heo
375 2133 482 2193 nostre
508 2131 743 2193 constitutionis
769 2136 802 2193 et
833 2130 1013 2192 donationis
1040 2133 1189 2212 precepta
1219 2129 1314 2193 firma
1344 2134 1376 2194 et
1406 2131 1600 2194 inconvulsa
1717 2163 1718 2192 3

289 2225 508 2299 permaneant,
533 2220 616 2282 banc
637 2226 757 2283 cartam
778 2219 853 2283 inde
875 2219 970 2284 scribi
993 2225 1025 2282 et
1045 2218 1142 2301 sigilli
1161 2219 1261 2282 nostri
1282 2220 1481 2302 inpressione
1501 2221 1599 2284 iussi·

289 2326 362 2370 mus
386 2309 532 2392 insigniri
556 2329 719 2392 manuque
747 2311 887 2393 propria,
915 2316 952 2373 ut
970 2309 1054 2372 infra
1075 2315 1213 2393 apparet
1234 2309 1519 2374 corroboravimus.
1563 2311 1600 2374 Si

290 2397 362 2478 quis
383 2405 498 2478 atatem,
521 2400 606 2481 quod
630 2400 720 2476 absit,
742 2400 802 2462 bec
823 2405 932 2463 nostra
950 2405 1100 2483 precepta
1113 2399 1233 2462 violare
1249 2399 1485 2482 presumpserit,
1502 2401 1601 2482 quin·

290 2488 443 2571 quaginta
469 2490 566 2554 libras
599 2492 668 2554 auri
700 2491 862 2573 purissimi
894 2495 1067 2572 conponat,
1100 2509 1235 2570 quarum
1269 2495 1393 2573 partem
1430 2489 1600 2554 dimidiam
1717 2517 1718 2534 ¹

289 2595 413 2642 camere
440 2585 564 2658 nostre,
586 2581 744 2661 reliquam
770 2598 846 2643 vero
868 2579 1008 2662 predicte
1030 2578 1163 2644 ecclesie
1184 2579 1352 2662 persolvat
1393 2579 1480 2644 Huic
1498 2581 1599 2644 etiam

288 2673 395 2731 nostre
418 2667 581 2732 donationi
601 2674 696 2734 testes
716 2669 850 2733 idoneos
871 2668 1087 2747 adhibuimus,
1115 2689 1251 2750 quorum
1272 2671 1403 2733 nomina
1422 2671 1480 2734 hec
1502 2677 1599 2735 sunt:

288 2756 440 2821 Albertus
462 2759 669 2841 Moguntinus
688 2760 953 2842 archiepiscopus,
975 2758 1093 2822 Albero
1111 2759 1317 2824 Treuerensis
1337 2761 1603 2844 archiepiscopus

289 2847 459 2928 apostolice
498 2849 583 2913 sedis
618 2850 757 2930 legatus
793 2849 912 2912 Albero
947 2847 1152 2913 leodicensis
1191 2851 1374 2934 episcopus,
1415 2851 1603 2935 Stephanus

288 2934 440 3001 Metensis
461 2940 637 3022 episcopus,
658 2939 864 3003 Bemhardus
886 2938 1196 3003 Patberbrunnensis
1219 2940 1395 3023 episcopus,
1417 2939 1603 3023 Sigalridus

288 3023 446 3108 Spirensis
463 3029 638 3110 episcopus,
660 3011 1005 3111 i’douuenburgensis
1025 3029 1201 3112 episcopus.
1223 3030 1331 3093 Bucco
1343 3030 1603 3096 Wormaciensis
1718 3077 1719 3082 η

287 3115 464 3199 episcopus,
489 3117 557 3180 Vdo
570 3117 846 3202 osnabruggensis
867 3120 1043 3203 episcopus,
1064 3119 1246 3184 Fridericus
1271 3120 1339 3184 dux
1361 3121 1541 3184 Suanorum
1565 3127 1605 3185 et
1718 3187 1719 3194 χ

287 3204 423 3282 Alsacie,
444 3207 596 3271 Albertus
618 3209 685 3272 dux
706 3208 853 3282 Saxonis,
874 3209 1081 3273 Hermannus
1103 3211 1253 3288 marchio,
1274 3209 1605 3294 Willehelmuspala-

288 3293 373 3358 tinus
384 3315 500 3370 comes,
511 3295 699 3362 deowicus
709 3298 914 3382 provincialis
926 3317 1032 3361 comes
1042 3297 1213 3381 Thuringie
1225 3305 1256 3364 et
1267 3299 1320 3362 alii
1333 3319 1427 3382 qnam
1439 3299 1559 3384 plures,

368 3393 380 3474 ll
403 3405 414 3433 ²
436 3394 568 3478 Signum
591 3397 711 3461 domini
733 3397 873 3462 Cunradi
895 3397 1112 3462 Romanorum
1133 3399 1217 3482 regis
1240 3399 1381 3463 secundi.
1404 3399 1417 3480 ll
1459 3397 1538 3480 (M.)

368 3483 380 3563 ll
404 3484 471 3568 llgo
494 3487 657 3550 Arnoldus
680 3488 891 3552 cancellarius
913 3489 982 3552 vice
1005 3488 1171 3553 aldelberti
1193 3488 1205 3568 ll

367 3571 379 3653 ll
402 3574 580 3656 Mogontini
603 3576 873 3641 archicancellarii
895 3579 1091 3661 recognovi}
1118 3579 1130 3660 ll
1477 3577 1554 3660 (Si.)

366 3665 461 3727 Anno
489 3665 649 3747 dominice
675 3667 903 3731 incarnationis
927 3677 1041 3745 MCXL,
1062 3670 1236 3734 indictione
1257 3679 1311 3742 ΙΙΙ,
1333 3677 1485 3753 regnante
1508 3671 1606 3736 sun-

288 3753 363 3815 rado
384 3753 601 3818 Romanorum
623 3776 698 3838 rege
720 3766 759 3836 ΙΙ,
786 3777 870 3820 anno
891 3777 968 3821 vero
991 3761 1080 3842 regni
1103 3761 1172 3823 eius
1192 3769 1247 3822 11⁰.
1288 3758 1371 3822 Data
1392 3760 1477 3843 apud
1498 3760 1607 3827 Wor-

286 3843 430 3905 maclam.
471 3845 507 3907 In
531 3845 654 3909 Christo
676 3845 819 3910 feliciter.
861 3849 975 3911 Amen.

355 3976 367 4004 ⁸
385 3977 428 4044 D,
450 3977 563 4046 obplea'cb
585 3980 724 4048 aweiselloe
742 3998 792 4034 aon
809 3981 868 4036 dem
886 3982 1073 4036 ecrbcndcnen
1094 3984 1137 4037 Or.
1157 3983 1367 4053 abpeecbrt'ebcn,
1394 3983 1460 4038 usit
1478 3987 1538 4052 aas
1553 3987 1611 4043 dac

286 4055 390 4124 Zeuper
413 4057 455 4110 dic
477 4057 631 4128 Duticrunp
652 4060 741 4128 solpcn
762 4062 810 4114 mit
837 4061 890 4115 dea
914 4061 1037 4116 Worten:
1064 4064 1136 4118 Acta
1154 4069 1221 4116 sunt
1238 4063 1289 4118 lrec
1307 4079 1381 4118 anno
1400 4093 1433 4102 —
1451 4080 1526 4118 anno
1548 4065 1607 4119 V⁰

286 4137 362 4202 (vero
385 4137 447 4191 oder
470 4139 602 4230 quinte?)
637 4141 711 4209 regni
739 4140 799 4194 eius
829 4141 906 4196 Data
932 4149 971 4195 etc
1010 4142 1069 4194 arrd
1095 4142 1172 4196 duan
1194 4149 1247 4196 eret
1271 4143 1314 4196 dic
1342 4143 1443 4198 Wcrte:
1472 4143 1609 4214 Signum

286 4247 318 4256 -
337 4235 489 4288 recognovi.

358 4326 366 4365 ¹
392 4327 486 4396 Wepea
506 4329 690 4383 Arrzoeaenlau't
708 4331 753 4385 das
772 4333 877 4400 Kduips
894 4333 925 4386 in
950 4333 1061 4392 Wormo.
1105 4333 1160 4400 Vpl.
1175 4333 1291 4402 Stamps
1304 4335 1443 4389 Nascus.
1497 4333 1511 4374 2
1536 4337 1609 4406 Vql,

284 4407 335 4461 Nr.
349 4411 380 4472 3,
400 4409 433 4461 A.
449 4413 473 4465 3.
545 4409 559 4448 ³
576 4410 635 4462 Zur
653 4411 772 4465 adbercn
790 4413 975 4479 Beatimmtmp
992 4413 1074 4467 dieses
1099 4411 1205 4466 Waldcs
1224 4415 1272 4481 apl.
1291 4413 1342 4472 Nr.
1359 4417 1375 4467 5
1392 4414 1451 4467 mad
1469 4427 1611 4474 marceat-

285 4487 462 4542 licth.14.
534 4489 546 4526 ⁴
572 4490 657 4542 Nicbt
675 4491 882 4546 nocbzuwerbcn.
955 4491 1043 4546 ⁶Dcr
1063 4491 1207 4546 Audet
1226 4494 1313 4562 tlinpt
1330 4493 1476 4563 allcrdinpc
1494 4498 1544 4549 wie
1568 4501 1611 4554 in

284 4567 336 4624 Nr.
355 4571 373 4621 6
399 4567 447 4640 qui
471 4567 579 4639 primus
597 4567 760 4626 Fortensem
785 4571 858 4627 rexit
875 4571 1019 4626 ecclesiam
1038 4570 1098 4626 mad
1117 4571 1151 4625 aa
1168 4571 1220 4627 Nr.
1236 4576 1255 4626 8
1276 4589 1359 4644 quem
1376 4573 1484 4644 primus
1503 4573 1612 4636 abbas
