3390 5148
313 399 365 455 254
690 395 921 454 Urkundanbuoh
938 395 986 453 dee
1004 395 1130 452 Kloslere
1148 395 1251 452 Piorte.

316 549 434 612 Datum
454 549 659 634 Heganowal
680 569 764 614 anno
786 548 1481 628 dominineoo⁰axx⁰n11⁰‚vr0-kalandas
1501 546 1606 624 Marcii

317 639 406 720 regni
431 640 530 703 nostri
553 659 637 703 anno
658 640 769 722 primo.
1685 690 1689 711 ,

386 770 511 827 ‘'dedita
529 771 558 826 D
612 770 757 827 bdeuotio
774 771 805 826 D
856 771 983 840 cheoT
1032 761 1234 841 dHagenouie
1255 771 1280 823 Τ
1571 839 1574 848 Ι
1688 760 1691 880 p

436 876 530 940 Anna.
564 873 626 940 Die
658 874 807 941 Urltumle
836 876 951 939 stimant
976 875 1141 955 uchseben
1168 895 1227 938 uon
1253 871 1375 938 Dalana
1402 875 1472 938 und
1499 873 1608 954 Ζευρωι

417 965 552 1031 wbrlllula
581 967 707 1030 ilbereia
736 965 792 1027 mu
822 965 877 1029 der
908 964 1058 1030 Urlounde
1088 963 1272 1046 suntal.
1302 965 1360 1046 fair
1390 963 1609 1028 statuariae.

422 1055 566 1132 Kranae,
596 1053 665 1119 UB.
686 1055 716 1117 d.
738 1053 861 1118 Klb'sler
881 1054 909 1118 d.
933 1054 1080 1135 Grafsub
1103 1053 1268 1136 Mansfeld
1289 1058 1366 1120 428.

320 1341 429 1424 late.
457 1339 652 1422 Februur
677 1337 740 1420 ao.
768 1336 1012 1419 Tullowltz.
1529 1337 1608 1420 aba.

405 1476 560 1557 Ver-placa
588 1475 737 1542 awiscben
770 1473 934 1538 Rciaburd
953 1471 1028 1539 'Aba
1057 1473 1127 1538 aad
1157 1474 1226 1538 dem
1258 1473 1401 1538 Kouaenl
1430 1493 1488 1537 von
1517 1473 1608 1554 Pforla

333 1575 334 1580 ’
359 1567 519 1631 einersea'ls
538 1567 606 1630 aad
626 1564 766 1630 uicaria
787 1563 850 1628 Abt
870 1563 939 1627 aad
960 1565 1028 1628 dona
1048 1563 1195 1628 Kouaenl
1215 1584 1273 1626 uon
1284 1561 1406 1644 Bor-9121
1426 1561 1608 1636 andrean,

358 1659 448 1721 auen
470 1655 606 1720 Zelanlea
628 1657 664 1719 la
691 1653 861 1718 Wallicben
882 1653 1061 1738 belreffend.

468 1789 601 1846 Μῶν..
627 1794 646 1845 2
666 1789 710 1848 Or.
730 1789 804 1858 Perp.
842 1788 875 1842 Ja
892 1792 909 1842 4
926 1788 973 1857 Sp.
994 1807 1033 1843 on
1052 1789 1173 1843 lumnam
1194 1786 1530 1853 Formianumue
1546 1785 1612 1840 steri

515 1867 664 1934 oasaodipt
690 1866 753 1922 oder
779 1869 810 1920 in
830 1868 957 1937 aminoen
980 1869 1184 1924 ampurien
1211 1869 1331 1923 erbultan
1357 1866 1438 1932 εἰκάς
1463 1868 1532 1920 dnae
1556 1865 1612 1932 falb

515 1948 646 2017 pbmliclt.
688 1950 715 2008 1)
740 1946 858 2002 Weimur
884 1949 923 2002 Et.
938 1949 989 2015 A„
1017 1965 1106 2004 aoooa
1132 1948 1220 2016 Καρία
1248 1946 1279 2000 D
1296 1937 1349 2000 l2l
1371 1949 1423 2014 (ab.
1438 1945 1611 2011 Waldichen).

521 2027 660 2082 Hiernucla
687 2026 734 2080 der
761 2027 834 2081 Text.
879 2030 908 2096 2)
932 2027 1051 2082 Weimur
1069 2027 1095 2082 S.
1111 2027 1147 2081 Ε.
1164 2029 1197 2082 G.
1215 2027 1247 2082 A.
1263 2027 1325 2096 Rep.
1340 2026 1385 2082 Oo.
1401 2027 1429 2082 S.
1445 2026 1513 2092 586,
1531 2025 1612 2081 Nar.

516 2105 570 2161 Dia
588 2107 801 2175 Abwet'olnmpan
818 2106 881 2160 obtul
899 2113 979 2162 anm
996 2107 1055 2162 dam
1076 2108 1154 2161 Teate
1171 2107 1323 2176 anyeqaben.

468 2212 579 2267 Druck:
596 2211 729 2266 Deulsob:
753 2209 839 2280 Wolff
852 2211 895 2279 II,
915 2216 973 2267 190.

399 2341 465 2405 Nos
485 2341 585 2404 frater
605 2338 806 2402 Reinhardus
827 2339 925 2403 obbas
945 2346 1095 2422 totusque
1117 2345 1294 2403 conventus
1315 2341 1347 2401 in
1364 2339 1460 2402 Porta
1480 2345 1512 2404 et
1526 2339 1613 2402 Theu-

320 2433 447 2495 dericus
477 2429 575 2492 abbas
603 2435 635 2492 et
660 2435 837 2492 conventus
863 2431 916 2492 in·
937 2430 1111 2513 Burgalino
1137 2431 1396 2512 recognoscimus
1417 2435 1450 2492 et
1470 2435 1533 2492 tarn
1554 2447 1613 2512 pre-

320 2522 457 2584 sentium
480 2539 576 2600 qlram
597 2519 779 2582 futurorum
800 2520 917 2582 noticie
939 2520 1209 2598 commendamus,
1233 2520 1319 2600 qraod
1340 2539 1508 2603 nossnpar
1522 2536 1614 2591 carnea

321 2623 382 2692 que
410 2611 493 2672 inter
519 2609 711 2671 monasteria
738 2613 847 2670 nostra
878 2609 951 2672 binc
981 2611 1056 2673 inde
1084 2611 1280 2688 vertebatur,
1312 2609 1521 2672 anriaabiliter
1549 2625 1614 2670 con-

321 2698 523 2762 cordavimus
551 2699 583 2759 in
610 2698 695 2759 hunc
721 2697 865 2776 modum,
897 2699 1046 2762 videlicet
1077 2700 1160 2780 qrrod
1194 2699 1372 2762 secundum
1399 2698 1616 2761 consiliumet

321 2789 565 2852 arbitracionem
591 2787 799 2850 discretorum
829 2788 985 2868 virorum,
1011 2789 1132 2852 scilicet
1159 2789 1300 2851 dominil
1326 2787 1454 2871 plebani
1477 2789 1516 2849 de
1535 2784 1615 2848 lblz-

323 2881 393 2941 witz
421 2884 454 2940 et
478 2877 632 2940 Friderioi
662 2877 796 2940 senioris
819 2875 858 2938 de
887 2875 982 2960 Orolp
1011 2897 1053 2940 ex
1075 2885 1163 2962 parte
1191 2877 1490 2960 Burgelinensiurn‚
1520 2873 1615 2938 baliis

322 2969 470 3033 Wernari
495 2968 642 3030 conuersi
669 2967 708 3029 de
732 2967 826 3030 Porta
854 2971 886 3030 ot
906 2965 1082 3030 Hermanni
1113 2967 1260 3030 scultheti
1283 2969 1322 3030 de
1343 2967 1562 3050 Wlemingen⁶
1579 2982 1614 3024 ex

321 3066 409 3143 parte
437 3057 639 3121 Portensium
670 3058 703 3118 in
732 3055 868 3119 arbibos
895 3057 1070 3139 positorum
1097 3063 1129 3120 et
1156 3059 1275 3121 domini
1299 3056 1451 3120 Iohannis
1477 3052 1615 3140 prepositi

321 3169 353 3211 rn
382 3148 540 3212 Brisenitz
568 3165 610 3210 ex
638 3151 773 3227 utruque
802 3152 891 3228 parte
917 3165 1013 3228 super·
1038 3147 1198 3229 predictos
1225 3147 1360 3210 arbitros
1381 3147 1547 3230 assnnrpti‚
1566 3161 1617 3204 nos

320 3239 374 3302 Tb.
406 3237 504 3300 abbas
539 3242 570 3300 et
599 3242 776 3299 conventus
809 3234 847 3298 de
878 3235 1052 3319 Burgelino
1087 3238 1347 3300 rennnciavimus
1379 3238 1466 3301 omni
1502 3235 1560 3299 iun'
1588 3237 1618 3293 et

322 3327 452 3403 actioni,
481 3346 577 3408 quam
601 3325 809 3389 movebamus
836 3325 906 3388 viae
932 3325 1059 3408 plebani
1087 3327 1126 3390 de
1147 3326 1343 3390 Waldecben
1371 3326 1501 3388 domino
1522 3319 1617 3385 abbati

322 3424 354 3481 et
373 3417 547 3480 conventui
566 3414 805 3492 Portansibusl‚
830 3416 958 3479 racione
980 3417 1080 3478 eciam
1103 3415 1236 3479 ecelesia
1253 3416 1287 3477 in
1310 3413 1516 3490 Waldeohen
1534 3410 1618 3474 ouras

321 3508 373 3570 ius
399 3511 583 3589 patronatus
609 3505 648 3568 ad
675 3524 734 3568 nos
754 3507 900 3588 pertinet,
922 3525 1018 3587 super
1038 3506 1221 3568 retenoione
1242 3503 1410 3567 cuilasdam
1433 3502 1552 3566 decime
1570 3495 1618 3558 vel

324 3597 415 3678 quasi
442 3597 579 3673 decimo,
608 3613 704 3676 quam
730 3593 884 3678 plebanus
912 3595 1052 3677 prediola
1073 3594 1206 3658 ecclesie
1228 3593 1344 3656 habere
1366 3592 1405 3655 de
1428 3592 1498 3654 iure
1518 3585 1619 3652 debuit

324 3688 363 3750 de
396 3685 588 3766 quibusdam
621 3685 711 3746 bonis
747 3684 950 3748 Portensium
983 3685 1051 3746 sitis
1081 3685 1114 3747 in
1146 3684 1257 3747 eadem
1288 3683 1379 3759 villa,
1411 3680 1620 3762 relinquentes

323 3775 457 3841 eundem
479 3775 634 3838 decimam
655 3775 706 3837 vel
729 3775 819 3855 quasi
842 3775 998 3838 decimani
1019 3779 1051 3837 et
1072 3775 1150 3837 alias
1171 3773 1354 3836 exactiones
1370 3769 1621 3834 senoollacioues

324 3866 454 3930 annales
476 3866 542 3928 sive
560 3864 865 3944 consuetudinarias,
887 3865 938 3927 vel
950 3864 1207 3945 quibuscumque
1218 3867 1410 3926 censeantur
1421 3857 1622 3923 nominibus.

324 3957 430 4020 abbati
452 3963 483 4018 et
504 3955 677 4018 conventui
699 3954 907 4017 Portensibus
928 3951 1079 4016 absolute.
1119 3952 1185 4016 Nos
1207 3971 1281 4015 vero
1303 3950 1339 4014 R.
1359 3949 1458 4013 abbas
1480 3954 1622 4024 totusque

324 4046 516 4110 conventusr
540 4046 579 4109 de
607 4045 718 4120 Porta,
749 4044 824 4108 licet
850 4045 889 4108 de
915 4046 984 4107 iure
1011 4051 1118 4107 nostro
1147 4043 1223 4106 satis
1252 4043 1287 4104 in
1317 4040 1500 4124 premissis⁸
1527 4038 1624 4099 sniis

324 4139 403 4201 certi
433 4144 465 4201 et
495 4137 610 4200 bonam
639 4136 812 4199 habeamus
841 4135 1087 4204 conscienciam,
1125 4137 1230 4196 tamen
1261 4131 1377 4194 devota
1409 4135 1441 4192 et
1471 4128 1522 4211 pia
1547 4121 1621 4186 moti

324 4228 596 4307 consideracione,
629 4228 703 4309 quia
734 4225 890 4309 plebanus
920 4224 951 4286 in
984 4223 1180 4287 Waldeohen
1215 4241 1310 4304 supra
1341 4219 1446 4282 dictus
1476 4213 1624 4280 familiam

324 4319 412 4381 curie
443 4325 550 4382 nostre
578 4319 611 4380 in
645 4315 868 4379 ecclesiasticis
894 4314 1099 4376 saaannntis
1127 4312 1305 4395 procurate,
1335 4307 1499 4371 laboribus
1527 4302 1626 4387 ipsius

324 4409 516 4492 respondere
543 4407 686 4470 volentes
713 4405 880 4468 dimidium
906 4403 1064 4466 maldrum
1091 4420 1216 4465 annone
1243 4401 1283 4464 ad
1306 4399 1440 4464 eundern
1463 4393 1625 4461 eeclesiam

325 4519 381 4582 pro
403 4497 647 4562 abundanciorii
670 4496 904 4558 sustentaoione
925 4492 1069 4556 eiusdem
1089 4492 1218 4574 plebani
1239 4492 1272 4552 in
1292 4491 1374 4553 festo
1396 4488 1480 4552 beati
1499 4481 1625 4548 Martini

325 4590 529 4686 promisimus
555 4588 647 4650 annis
672 4585 826 4678 singulisk
855 4603 914 4647 nos
940 4583 1078 4646 daturos
1124 4581 1231 4646 Huius
1258 4581 1305 4644 rei
1334 4583 1430 4644 testes
1455 4581 1526 4641 sunt
1546 4590 1624 4634 oon·
