3402 5152
689 406 920 465 Urkundenbuoh
938 409 986 465 dea
1007 407 1132 466 Klostcre
1150 407 1252 466 Piorte.

464 553 599 614 Hdeclrr.:
621 551 712 614 D59b
733 559 870 626 (titVilla
887 561 1011 630 Listorf).

464 651 575 706 Druclr:
596 651 731 707 Derrtsclt:
755 653 841 721 Wolff
854 653 895 723 ΙΙ,
913 659 973 712 328,
1018 655 1074 725 Vpl.
1093 673 1114 709 o.
1127 654 1304 736 Reitzenstein
1324 646 1403 710 ΗΡ.

393 773 457 840 Die
491 774 643 841 Urlrnndc
672 777 790 839 stimmt
820 778 878 840 mit
910 775 969 841 Nr.
988 782 1056 842 423
1087 777 1225 842 wdrtliclr
1255 777 1380 842 thercin
1410 779 1457 842 bis
1481 781 1548 861 auf
1569 781 1604 844 dic
1691 793 1693 818 ³

322 863 425 930 Wcrte
466 870 668 952 (permutatio
696 870 865 944 bonorum)
897 889 970 932 cum
998 873 1063 932 tota
1092 870 1166 932 villa
1193 869 1385 952 Linigisdorf
1416 872 1560 934 videlicet
1584 880 1605 934 et
1691 929 1693 954 ,

314 958 628 1040 quibusdambonis
658 960 898 1024 infflibenstate
930 961 1023 1036 (inter
1043 961 1106 1038 etc.)
1136 960 1206 1022 arrd
1236 959 1353 1025 Datum
1383 981 1468 1024 auno
1499 961 1602 1026 domini
1692 955 1693 972 ¹

313 1058 555 1128 M⁰coc⁰vffl⁰‚
577 1057 689 1133 quarto
711 1051 783 1113 idus
804 1049 886 1114 Iulii.

385 1185 394 1214 ¹
413 1183 465 1237 Boi
481 1185 528 1238 der
551 1180 824 1252 Ucbcreinctimraunp
842 1183 888 1238 dea
910 1187 991 1254 Topos
1010 1187 1041 1238 ia
1059 1185 1150 1240 beiden
1174 1185 1323 1240 Urlrnnden
1341 1187 1377 1240 ist
1394 1187 1436 1240 ale
1453 1187 1515 1241 sebr
1533 1187 1604 1239 reatr-

312 1266 456 1319 acltcinliclr
480 1267 524 1318 ein
541 1265 733 1332 Schreibfebler
757 1267 788 1318 in
814 1265 861 1319 der
877 1265 1036 1321 dobreseabl
1064 1267 1248 1322 ornunelrmen
1277 1267 1336 1320 rand
1364 1271 1433 1322 1307
1461 1274 1528 1322 matt
1554 1271 1605 1322 teos

312 1363 346 1398 zu
369 1351 461 1399 sctzen.

947 1457 1088 1466 ——-—-

314 1502 432 1584 1308.
457 1501 698 1586 November
711 1503 776 1586 29.
839 1458 939 1465 ”—
1527 1509 1606 1592 ltt.
1691 1567 1693 1588 r

395 1637 456 1701 Die
486 1639 706 1703 Rrrtbmc'inner
740 1640 796 1703 der
824 1639 916 1704 Scaea
948 1639 1137 1724 Noumlntry
1172 1643 1348 1720 belundeu,
1383 1644 1459 1706 dass
1487 1644 1608 1706 melrrere

355 1728 580 1809 Noomburper
597 1730 726 1810 Biirpcr
749 1731 1038 1812 ibreBcsiteunycn
1060 1772 1097 1779 —
1119 1753 1153 1796 so
1174 1734 1244 1796 weit
1263 1734 1332 1796 cirre
1346 1731 1608 1810 Ortsbcstimmoop
1691 1747 1693 1762 ³

351 1819 559 1901 binaupcst'iyt
585 1823 639 1897 isi,
672 1821 771 1902 lieyen
798 1821 843 1883 sic
868 1821 958 1884 theiis
986 1825 1053 1902 auf
1074 1823 1143 1886 derra
1164 1823 1272 1886 linirent
1295 1822 1373 1904 Ufcr
1393 1823 1449 1886 der
1470 1821 1562 1886 Saule
1580 1821 1607 1883 in

356 1909 586 1974 Touscluoitecr
609 1911 694 1974 a'rar
714 1912 783 1974 und
804 1913 852 1975 bei
870 1911 1036 1988 Rossbach,
1058 1913 1148 1976 tbeils
1168 1914 1235 1994 anf
1249 1913 1319 1976 dnn
1338 1913 1461 1975 rechten
1490 1909 1564 1992 Uter
1582 1913 1608 1971 io

353 2001 409 2062 dcr
429 2002 503 2064 Atre
524 2001 690 2066 ureterltolb
713 2001 890 2082 Altenburp
913 2002 988 2066 oder
1014 2003 1061 2066 bei
1086 2003 1143 2067 der
1164 2003 1417 2068 Sdnecinswarte
1437 2039 1476 2050 —·-
1498 2023 1542 2064 aa
1560 2001 1608 2063 dos

353 2089 482 2155 chster
502 2092 611 2171 Pforte
639 2093 800 2173 coleirsi,
831 2093 890 2174 die¹
910 2093 1124 2174 Kcufeaemme
1154 2095 1343 2176 empfanycn
1370 2093 1440 2156 tired
1474 2092 1540 2156 sicli
1567 2111 1609 2154 ror
1692 2147 1693 2154 ,

352 2180 421 2244 dnn
452 2181 555 2244 Rotlre
583 2183 774 2262 ocrpslicbtet
801 2182 901 2246 bobert
934 2185 1001 2264 aras
1022 2184 1196 2265 Verlenpert
1225 2185 1279 2248 des
1307 2179 1453 2248 Klostcrs
1480 2184 1531 2246 dic
1557 2181 1608 2244 Be

352 2271 526 2351 sitaunpen,
547 2273 599 2334 dic
620 2273 723 2336 chen
745 2273 827 2346 stira,
849 2272 1064 2354 onfeulasserr.

464 2399 597 2454 Hesebr..·
619 2391 718 2454 Dari.
751 2391 849 2454 reeb.

463 2493 574 2626 Drspcle:
599 2493 732 2548 Deutscls:
756 2493 841 2561 Wolff
854 2493 896 2560 II,
914 2498 974 2552 329.
1021 2494 1073 2564 Vpl.
1088 2494 1204 2550 Pertucb
1215 2494 1240 2558 Ι,
1260 2497 1319 2550 125.
1356 2493 1611 2550 Bettucb-Scbomel

532 2613 539 2640 ,
557 2578 600 2632 ee.

393 2699 459 2763 Nos
482 2697 686 2762 Hermannus
708 2699 746 2761 de
756 2697 876 2777 Mollem
897 2697 1081 2763 Waltberus
1101 2699 1277 2780 Riscneri⁸‚
1297 2698 1463 2764 Ditmarus
1480 2699 1518 2763 de
1531 2698 1612 2762 Nora

312 2791 452 2866 civitate,
474 2788 633 2852 lohannes
654 2787 781 2869 Rikncb,
803 2788 1064 2853 Heinemanous⁰
1083 2789 1265 2870 BraudeyS,
1288 2788 1401 2852 Petrus
1421 2788 1522 2872 Spote,
1546 2787 1612 2850 Ber-

315 2880 420 2944 toldus
441 2878 648 2943 Scottiorathl
673 2880 794 2958 iunior,
827 2879 999 2944 Helorinus
1019 2879 1161 2962 Leysceo
1187 2880 1347 2962 ceterique
1372 2878 1518 2942 consules
1545 2879 1616 2940 ciri-

312 2973 385 3035 tatis
415 2969 679 3050 Noenburgeosis
714 2971 971 3052 recognoscimus
1009 2979 1040 3036 ot
1075 2969 1226 3034 omnibus
1260 2970 1319 3033 has
1352 2969 1472 3032 litteras
1505 2969 1616 3030 visuris

313 3063 460 3144 cupimus
488 3079 557 3124 esso
585 3064 712 3138 notum,
739 3061 822 3142 quod
844 3060 1003 3124 lohannes
1030 3062 1131 3125 dictus
1155 3061 1194 3125 da
1215 3059 1391 3124 Wizinvels
1420 3063 1527 3122 noster
1548 3077 1618 3121 coo-

312 3153 411 3214 ciris⁰
449 3150 487 3214 de
520 3150 664 3212 irnanimi
695 3169 853 3214 consensu
885 3153 1029 3214 omnium
1060 3151 1211 3216 heredum
1243 3169 1375 3214 suorum
1406 3169 1462 3230 pro
1493 3153 1616 3210 ceritum

314 3242 425 3322 viginti
452 3247 482 3304 et
511 3245 630 3322 septem
655 3243 770 3304 marcis
794 3242 916 3304 usualis
936 3243 1058 3324 argenti
1080 3241 1140 3305 sibi
1162 3241 1355 3322 integraliter
1376 3239 1546 3322 persolutis
1565 3239 1619 3298 rito

313 3351 349 3394 ac
381 3328 614 3393 racionabiliter
640 3331 780 3394 vendidit
812 3331 1051 3396 honorabilibus
1083 3335 1158 3397 viris
1187 3332 1315 3395 domino
1342 3327 1493 3393 Heinrico
1518 3325 1619 3390 abbati

314 3426 343 3484 at
365 3421 537 3483 conventui
557 3420 589 3481 io
612 3418 708 3483 Porta
729 3420 812 3484 bona
833 3422 977 3504 quedam,
1000 3424 1143 3487 videlicet
1164 3421 1331 3486 dimidium
1353 3438 1500 3483 mansum
1523 3419 1619 3480 situm

314 3512 346 3572 in
383 3529 462 3593 pago
497 3509 571 3572 ville
601 3507 725 3572 Tuswiz
758 3516 788 3574 et
819 3513 945 3574 vineam
981 3514 1141 3594 quondam
1181 3512 1297 3576 ibidem
1334 3529 1491 3574 annexam
1530 3508 1622 3569 virus

315 3602 455 3682 magistri
487 3601 667 3682 hospitum,
698 3602 826 3682 triginta
852 3602 998 3685 quoqucr
1028 3609 1059 3666 et
1087 3615 1138 3670 Vll
1160 3621 1266 3685 agros,
1299 3620 1438 3684 quorum
1468 3615 1620 3680 abacorum

316 3691 427 3774 viginti
449 3695 480 3753 et
501 3690 564 3753 duo
586 3691 618 3751 in
639 3689 774 3772 planicie
796 3693 914 3772 campi,
935 3693 990 3773 qui
1010 3703 1097 3756 aavag
1119 3693 1246 3770 dicitur,
1274 3693 1356 3754 inter
1378 3689 1484 3754 villam
1506 3687 1622 3752 Aldin-

314 3779 395 3862 burg
416 3788 447 3843 et
468 3780 589 3842 (asurimh
612 3781 837 3843 canonicorum
859 3780 1164 3864 Nueuburgensium
1185 3783 1358 3860 situantur,
1381 3785 1451 3844 octo
1471 3797 1550 3841 voro
1574 3775 1624 3839 siti

314 3872 449 3933 suntin
479 3870 638 3952 crepidine
668 3871 799 3949 monde,
832 3871 887 3953 qui
912 3870 1113 3936 Swioswarte
1135 3877 1281 3950 vocatur,
1307 3890 1362 3935 sax
1392 3889 1434 3934 ax
1459 3867 1512 3932 illa
1536 3871 1625 3948 parte
1690 3905 1691 3924 i

314 3960 399 4024 Sale¹
424 3959 515 4022 fluvii
541 3979 637 4044 propo
667 3959 776 4022 villam
803 3959 964 4041 Rosbaoh‚
992 3983 1074 4026 rinus
1103 3983 1175 4026 vero
1202 3983 1275 4025 cum
1303 3961 1435 4024 dimidio
1466 3957 1552 4022 situs
1580 3959 1627 4020 est

315 4052 403 4113 iuxta
429 4055 539 4113 notum
570 4052 713 4132 signum,
738 4051 844 4132 quodk
873 4052 990 4115 werthe
1017 4059 1224 4117 consueverat
1245 4051 1401 4136 appellari.
1444 4049 1524 4112 ltom
1549 4045 1628 4108 Gor·

314 4141 433 4203 hardus
462 4141 564 4204 dictus
589 4141 627 4202 de
655 4139 738 4220 Cyce
767 4159 848 4222 sque
875 4143 1014 4206 concivis
1035 4149 1142 4205 noster
1171 4142 1353 4226 quindecim
1373 4159 1464 4223 agros
1481 4138 1518 4199 in
1545 4134 1629 4198 owed

314 4231 451 4312 predicta
484 4231 560 4294 sitos
590 4251 644 4312 pro
671 4231 801 4312 triginta
828 4233 942 4294 nrarcis
968 4236 998 4295 ot
1027 4252 1091 4296 una
1119 4233 1240 4296 usualis
1265 4231 1386 4314 argenti
1416 4227 1564 4294 vendidit
1593 4225 1631 4284 de

317 4321 409 4384 Porta
430 4321 568 4383 dominis
589 4323 651 4383 inm
674 4321 829 4403 predictis.
872 4319 1060 4385 Ditmarusm
1082 4342 1209 4405 quoquo
1230 4323 1267 4386 dc
1286 4319 1377 4384 Nova
1397 4319 1525 4382 civitate
1549 4315 1631 4398 ipsis

315 4411 452 4474 dominis
474 4411 512 4473 de
534 4411 627 4474 Porta
651 4411 791 4474 vendidit
822 4431 913 4492 agros
942 4413 1086 4476 undecim
1109 4433 1164 4495 pro
1192 4421 1246 4476 XX
1269 4418 1300 4475 ct
1321 4421 1388 4474 Vffl
1411 4406 1527 4470 ororois
1552 4423 1631 4468 oiim

315 4501 446 4562 dimidia
476 4503 597 4582 argenti
629 4502 738 4565 itidem
774 4501 903 4564 usualis.
952 4501 1030 4566 Item
1061 4501 1224 4566 Ditmarus
1244 4501 1388 4566 Riseoeri
1415 4497 1560 4560 dominis
1593 4494 1633 4556 do

314 4589 408 4652 Porta
434 4591 561 4672 prefatis
590 4611 646 4676 pro
672 4601 754 4656 xvss
776 4592 890 4654 marcis
920 4593 1040 4656 usualis
1065 4593 1188 4676 argenti
1214 4590 1355 4656 vendidit
1379 4607 1466 4674 agros
1488 4591 1636 4668 septem.
