3390 5148
533 395 538 404 '
592 393 908 456 brial-‘tesseris
940 412 944 419 ·
978 393 982 400 ⁸
1318 391 1370 452 233¹

81 553 239 616 mutatione
264 559 442 614 nostrorum
473 561 522 614 XV
550 571 697 632 aprorum
725 551 815 612 trullis
842 551 1027 627 assignavit,
1053 569 1071 610 a
1097 549 1258 611 tuctbilibus
1281 551 1367 620 ritis,

80 635 232 704 comitibus
260 641 410 704 tratribus
439 641 584 718 Alberto,
614 641 786 716 lbidorico,
816 639 965 704 Bertoldo
993 639 1086 702 dictis
1116 639 1155 702 de
1178 639 1265 714 Wie,
1285 641 1367 702 'iuru

82 732 204 811 possedit
229 732 362 806 feodali,
392 731 445 812 qui
473 751 547 813 sepe
569 731 670 794 dictos
691 751 784 813 apros
806 739 858 792 ΧΗ
881 749 954 792 cum
976 730 1062 791 tttttni
1085 730 1152 792 iure
1175 735 1207 790 et
1228 730 1367 812 proprio-

77 828 127 882 tatc
157 829 263 884 nostre
295 821 428 884 ecclesie
464 820 606 884 l'orteusi
639 820 851 884 contulerunt.
901 819 950 882 Ad
984 819 1069 902 ipsos
1100 819 1185 882 sitim
1216 819 1373 901 pertinuit·

78 910 235 992 proprietas
264 930 412 992 agrorum
439 919 491 972 ΧΗ
520 929 616 993 supra
642 915 904 984 memoratorum,
933 909 1017 972 undo
1044 909 1158 992 stipsi
1187 928 1245 970 suo
1272 909 1367 972 unico

77 999 178 1080 sigillo.
206 1019 269 1080 quo
296 1019 407 1063 omncs
432 999 525 1062 simul
549 1005 612 1062 tres
637 1007 782 1069 utuntur,
808 1005 986 1081 presentem
1011 999 1147 1062 litterani
1170 998 1366 1062 roborarunt.

77 1087 167 1152 Testes
201 1109 276 1154 uero
312 1090 407 1152 buius
440 1089 486 1152 rei
517 1095 591 1152 sunt
626 1091 680 1164 nii,
716 1091 769 1170 qui
803 1095 971 1170 sequntur:
1008 1088 1179 1152 Heinricus
1207 1089 1298 1152 miles
1328 1089 1367 1152 de

78 1176 240 1258 Nucsezen,
261 1179 440 1242 Herbortus
462 1179 553 1242 miles
574 1179 613 1242 de
635 1179 843 1258 Alkosleibin,
865 1177 1023 1243 Bertobus
1045 1178 1136 1242 miles
1154 1179 1193 1242 de
1208 1179 1368 1251 Gehouen,

78 1265 234 1332 Heinrieus
262 1269 398 1333 Cristino
425 1269 526 1339 tilius,
548 1269 720 1333 Heinricus
741 1269 949 1332 Reinbotuuis
970 1269 1080 1334 lilius..
1095 1267 1307 1332 Theodericus
1329 1267 1367 1330 de

77 1355 288 1436 Wolmirstete,
310 1359 454 1422 conuersi
477 1359 575 1421 frater
595 1358 808 1422 Theodericus
831 1357 1367 1438 deBlanlrenhainl,t1uterHein·

77 1446 149 1510 ricus
175 1448 214 1510 de
243 1447 421 1522 Crutbeint,
447 1449 545 1512 frater
570 1448 740 1512 Bertolclus
767 1447 805 1510 de
827 1447 976 1530 Tuudurp
1002 1455 1034 1510 ct
1059 1447 1111 1510 alii
1135 1447 1367 1531 quamplures.

78 1535 145 1598 icta
165 1542 241 1600 sunt
262 1537 320 1602 hee
341 1557 425 1600 auno
447 1537 567 1600 domini
584 1537 825 1608 u⁰cu⁰nxxl⁰,
846 1537 903 1600 v1⁰
924 1537 1076 1602 kalendas
1097 1536 1189 1600 lunii.

75 1744 88 1800 b
106 1669 196 1802 πῃ
219 1671 267 1723 mc't
289 1669 432 1725 duellem
458 1669 534 1726 Tine
562 1669 591 1723 D
662 1669 789 1726 ¹³medio
816 1669 841 1724 Τ
907 1673 918 1700 ⁰
945 1671 1080 1730 Heuintal
1109 1673 1134 1726 Τ
1200 1663 1367 1726 “Bloukin-

89 1763 105 1800 u

600 1885 837 1896 ——on—

75 1967 300 2106 tactuum
328 2020 367 2104 s.
1280 2019 1369 2102 ceo.

147 2154 213 2220 oco
238 2155 349 2237 Proput
378 2157 448 2220 aad
475 2158 534 2220 dos
562 2155 693 2237 Kapitel
719 2157 772 2219 des
801 2155 1007 2239 Petersstiftes
1032 2157 1067 2220 ia
1089 2155 1185 2221 mona
1205 2155 1371 2234 bestcitipcn

106 2243 171 2308 dem
195 2245 320 2309 Kloster
350 2245 456 2328 Pfcrtc
480 2247 531 2310 die
552 2245 746 2325 Ermerbanp
767 2265 826 2308 coa
850 2250 917 2328 2¹l2
941 2245 1052 2328 Hersen
1077 2247 1113 2309 c'n
1134 2243 1270 2308 Danmlc
1295 2243 1369 2325 (vpl.

108 2331 167 2396 Nr.
181 2339 264 2412 204)
293 2336 361 2404 und
382 2355 440 2399 oon
471 2335 643 2416 6Morpea
671 2333 786 2400 Geton
813 2337 881 2400 aad
910 2335 1085 2414 6Morpen
1116 2333 1296 2398 Aclccrload
1326 2331 1372 2396 bei

108 2423 358 2574 pleanldcbea
378 2424 509 2490 Madelo
529 2445 623 2507 pepon
645 2427 696 2489 ulie
719 2425 952 2508 Verpllicbtaap
971 2445 1030 2490 aar
1053 2423 1199 2505 Zoblaap
1220 2422 1371 2504 dcsjc'ibr-

214 2607 350 2703 Helena.-
373 2649 402 2703 D
418 2653 455 2704 23
472 2651 523 2717 (at.
535 2650 700 2720 Gemscctc).
731 2651 828 2705 T224.

214 2755 324 2810 Druck:
342 2755 480 2810 Dctdscb:
506 2755 591 2826 Wolff
605 2757 647 2822 II,
666 2761 724 2812 172.

146 2879 182 2946 ln
204 2884 333 2947 nomine
355 2883 485 2948 domiui.
517 2885 630 2949 Amen.
671 2885 739 2950 Nos
761 2886 833 2949 Otto
855 2885 907 2948 dei
931 2883 1031 2968 gratia
1052 2884 1231 2966 prepositus
1251 2887 1367 2945 totum-

75 2987 131 3048 que
152 2971 325 3055 capitulum
347 2973 481 3038 ecclesie
504 2975 604 3038 saneti
628 2974 715 3038 Petn'
730 2974 891 3038 Srrlaensis
913 2973 1070 3036 universis
1082 2971 1197 3036 Christi
1219 2970 1370 3035 fidelibus

72 3057 306 3144 imperpetuum.
349 3062 445 3127 Geste
470 3065 537 3128 rei·
564 3065 682 3128 noticia
706 3070 900 3148 propagetur
919 3065 952 3125 in
974 3069 1125 3146 posteros,
1147 3081 1221 3124 cum
1246 3062 1371 3124 verterit

74 3153 236 3214 auctoritas
261 3157 293 3216 et
318 3152 417 3216 robur
441 3154 566 3218 firmius
592 3173 611 3215 e
637 3155 818 3217 testimonio
844 3153 1029 3217 litterarum.
1082 3151 1168 3214 Solet
1197 3151 1282 3214 euim
1308 3150 1370 3212 fre-

74 3245 201 3318 quenter
223 3241 382 3318 accidere,
405 3245 491 3326 qued
510 3245 658 3308 humenis
679 3245 815 3322 actibus,
836 3263 910 3307 cum
932 3247 1028 3306 testes
1049 3247 1103 3305 aut
1122 3242 1229 3324 scripti
1252 3261 1370 3304 memo-

75 3329 117 3390 ria
144 3331 291 3410 deluerit,
318 3331 499 3417 calumpnia
526 3339 724 3398 novercatur.
767 3333 876 3398 Sciant
901 3353 976 3417 ergo
1001 3337 1164 3416 presentes
1185 3336 1217 3394 et
1237 3331 1371 3414 posteris

75 3421 174 3483 teucro
195 3422 393 3505 presentium
413 3423 591 3488 innotescet
611 3423 650 3488 de
670 3423 770 3488 nostri
791 3423 920 3506 capituli
945 3423 1106 3486 voluntate
1121 3441 1159 3486 ac
1173 3419 1370 3504 beneplacito

73 3510 266 3590 processisse,
287 3511 374 3594 quod
394 3512 529 3576 eeclesia
540 3512 703 3577 Porteusis
714 3513 834 3578 ordinis
846 3513 1084 3594 Cysterciensis,
1104 3509 1370 3592 Nueuburgensis

74 3594 224 3678 dyocesis,
250 3603 328 3664 emit
353 3603 420 3665 sive
446 3603 641 3686 comparavit
668 3601 803 3683 quedam
831 3602 916 3666 bona
940 3604 1002 3666 sita
1027 3604 1060 3666 iu
1089 3621 1169 3686 pago
1191 3601 1278 3675 ville,
1308 3619 1370 3680 que

74 3681 216 3770 Dampsla
237 3690 414 3772 antiquitus
435 3690 612 3770 dicebatur,
642 3711 742 3756 unum
766 3693 915 3757 videlieet
936 3711 1082 3756 mansum
1105 3691 1143 3754 ab
1164 3689 1308 3754 Hetwicc
1331 3689 1370 3750 de

75 3772 175 3856 Sulze,
205 3778 372 3844 dimidium
400 3799 547 3846 mansum
574 3781 613 3844 ab
642 3781 790 3845 Conrado
813 3783 899 3866 Gepe
926 3782 964 3846 de
986 3782 1174 3858 Owerstete,
1202 3778 1368 3842 dimidium

75 3881 213 3930 mausum
235 3888 253 3930 a
274 3867 410 3952 plebano
433 3869 471 3934 de
487 3870 703 3954 Rugebuseul
723 3871 840 3936 Mathia
860 3873 989 3936 nomine
1011 3877 1043 3950 ct,
1060 3871 1137 3934 filiis
1156 3871 1264 3933 suiset
1279 3868 1370 3931 dimi-

76 3950 158 4016 dium
182 3975 328 4020 mausum
355 3958 393 4022 ab
422 3957 588 4024 Adelleide
615 3967 647 4025 et
671 3961 741 4024 eius
767 3960 834 4024 lilio
865 3962 1051 4025 Hermanno
1077 3961 1219 4037 nomine,
1239 3957 1370 4042 parvulo

74 4042 236 4126 existente,
267 4049 306 4112 de
336 4067 399 4129 quo
428 4049 548 4113 scilicet
574 4069 687 4133 puer0,
715 4071 755 4114 an
776 4051 976 4116 infantilibus
997 4053 1089 4113 annis
1110 4049 1274 4113 retroactis
1296 4047 1372 4110 velit

75 4133 268 4212 acquiescere
291 4136 488 4202 distractioni
509 4145 629 4222 patrate
652 4160 708 4222 per·
728 4145 870 4219 matrem,
892 4145 999 4222 posset
1014 4141 1222 4223 inposterum
1237 4137 1368 4200 forsitan

74 4219 257 4306 ambiguitas
278 4247 344 4290 non
366 4228 490 4292 modica
511 4229 656 4292 suboriri.
689 4229 736 4292 Ob
759 4229 840 4292 hanc
860 4231 956 4312 igitur
978 4229 1202 4293 removendam
1213 4225 1371 4290 Rudolius

76 4313 106 4370 et
136 4310 217 4378 filius
251 4316 321 4380 eius
352 4317 510 4381 liudolfus
541 4318 580 4382 de
611 4318 784 4383 Ouerstete
819 4325 851 4382 et
878 4320 1051 4383 Heinrieus
1081 4318 1119 4382 de
1147 4316 1371 4392 Batehendort,

76 4397 169 4463 frater
196 4404 258 4468 iam
289 4406 366 4470 dicti
396 4406 540 4487 Rudolfi,
577 4427 610 4472 se
640 4427 696 4492 pro
728 4408 839 4472 eodem
873 4429 971 4492 puero
1002 4429 1074 4472 cum
1105 4408 1172 4470 suis
1198 4405 1371 4468 districtius

77 4485 250 4572 obligarunt
266 4496 506 4579 promittentes*³
528 4518 561 4561 se
582 4499 664 4562 velle
686 4503 718 4562 et
738 4517 829 4581 posse
851 4499 989 4576 efficere,
1011 4498 1096 4579 quod
1111 4496 1271 4580 predictus
1292 4511 1372 4578 puer

76 4583 252 4650 renuncietd
280 4587 343 4652 iuri
376 4606 449 4670 suc,
482 4588 568 4672 quod
598 4588 631 4650 in
661 4587 789 4674 prefatis
813 4586 907 4653 bonis
936 4588 1079 4653 noscitur
1108 4583 1270 4657 habuisse,
1298 4603 1371 4648 cunt
