3410 5146
295 387 349 442 uu
668 380 898 438 Urkundenbuch
917 381 965 440 de
979 379 1107 436 Klostera
1125 380 1228 438 Pforte.

293 554 367 602 cum
395 539 463 602 suis
488 537 703 621 pertinentiis
735 534 794 598 sub
821 541 908 599 certa
934 551 1041 596 annua
1062 533 1215 616 pensione
1236 531 1329 594 nobis
1349 530 1504 596 solvenda
1523 551 1590 594 oon·

294 632 456 692 venisseut
477 632 509 692 et
530 646 625 709 super
646 626 707 690 hiis
724 631 833 688 nostra
853 630 886 688 et
906 624 1041 690 ecclesie
1063 629 1170 686 nostre
1192 622 1358 706 privilegia
1378 620 1591 696 obtinuissent,
1687 632 1692 703 f

294 719 326 782 id
353 720 439 800 quod
460 720 492 781 in
513 718 616 780 forma
636 715 777 799 predicte
798 716 1019 779 conventionis
1039 715 1154 778 fuisset
1174 731 1376 796 expressum,
1402 713 1488 794 quod
1510 712 1592 776 nulla
1688 708 1693 767 l

294 808 444 890 deinceps
458 806 696 871 Hersteldensis
715 805 848 869 ecclesie
871 805 954 868 bona
976 802 1118 885 quolibet
1139 801 1242 883 tytulo
1258 802 1326 866 siue
1340 801 1475 866 licencia
1491 807 1599 876 nostra,
1691 824 1692 883 j

294 899 497 979 acquirerent
524 896 573 960 vel
600 894 800 979 possiderent
810 895 830 976 ¹,
862 899 973 958 contra
1003 894 1138 958 formam
1170 893 1252 956 hanc
1283 911 1301 954 a
1332 891 1457 956 Gerone
1489 892 1593 967 milite,
1692 899 1693 911 ¹

294 987 492 1051 ministeriali
513 991 635 1058 nostro,
657 985 817 1068 quoddam
839 991 963 1068 pratum
987 990 1020 1047 et
1039 1003 1058 1046 a
1079 981 1255 1046 Wasmudo
1276 981 1353 1045 item
1373 987 1482 1046 nostro
1504 984 1592 1046 mini-

293 1077 426 1156 steriali,
453 1077 508 1158 qui
534 1096 567 1141 sc
589 1097 646 1160 pro
666 1075 866 1139 ministeriali
887 1074 1055 1156 lantgravii
1076 1073 1170 1155 gerit,
1197 1071 1351 1153 quosdam
1374 1091 1467 1154 agros
1489 1077 1593 1136 nostro

293 1186 357 1229 non
386 1167 539 1250 requisito
565 1186 724 1230 consensu
751 1169 892 1228 ementes
919 1153 1138 1247 possederun't.
1180 1161 1282 1244 Super
1310 1161 1428 1243 quibus
1457 1163 1594 1246 nosipsi

293 1258 484 1320 monasterio
506 1256 665 1320 movimus
687 1256 886 1338 questionem
911 1253 991 1317 illud
1018 1251 1218 1330 adicientesl,
1245 1251 1330 1332 quod
1350 1251 1494 1335 predicta
1515 1249 1595 1315 bona

293 1346 325 1408 in
348 1345 416 1410 Ver
440 1350 489 1409 et⁰
514 1345 548 1408 in
574 1344 842 1408 Hentscusleibeu
871 1343 1040 1426 diligenter
1059 1341 1239 1406 mensurari
1260 1339 1428 1419 vellemus,
1454 1361 1496 1406 ne
1516 1343 1594 1406 forte
1691 1332 1695 1349 ’

294 1435 458 1518 ampliusl,
485 1455 581 1517 quam
606 1435 785 1518 predictum
813 1439 874 1508 ost,
901 1434 1114 1510 continerent,
1145 1431 1221 1512 quia
1246 1435 1323 1494 tuno
1348 1431 1442 1496 uobis
1468 1433 1508 1496 de
1537 1433 1595 1496 hiis
1693 1426 1697 1520 ³,

292 1526 395 1588 maior
414 1525 524 1608 pensio
546 1524 723 1588 deberetur.
765 1523 846 1588 Cum
866 1525 980 1606 igitur⁰
1002 1541 1098 1605 super
1118 1522 1179 1584 hiis
1197 1520 1300 1584 tribus
1316 1525 1427 1586 eontra
1442 1520 1595 1588 Portense
1696 1525 1697 1536 ²

295 1615 521 1678 monesterium
539 1633 633 1697 agere
653 1614 901 1692 intenderemus,
922 1612 1020 1676 abbas
1041 1619 1072 1676 et
1092 1615 1269 1674 conventus
1289 1612 1432 1676 favorem
1454 1617 1488 1675 et
1507 1612 1596 1676 beni-

293 1704 465 1768 volentiam
490 1709 631 1767 nostram
659 1711 691 1767 et
710 1703 843 1768 ecclesie
870 1709 977 1766 nostre
999 1701 1059 1764 sibi
1080 1702 1186 1765 taliter
1206 1700 1375 1765 conciliare
1396 1701 1597 1770 studuerunt.

294 1793 379 1874 quod
405 1813 462 1878 pro
489 1793 641 1877 sopienda
661 1794 720 1856 hac
741 1794 956 1858 controversia
978 1801 1005 1855 X
1026 1811 1149 1854 marcas
1170 1789 1262 1853 nobis
1284 1791 1453 1870 dederunt,
1480 1798 1518 1856 ut
1540 1812 1596 1854 nos
1697 1873 1698 1876 Ἴ

292 1884 434 1967 predicte
454 1884 570 1947 actioni
591 1885 718 1968 penitus
739 1885 1009 1948 renunciaremus.
1052 1879 1264 1945 Concedimus
1285 1882 1401 1964 igiturt
1418 1881 1457 1945 de
1477 1881 1598 1956 favore,

293 1973 456 2044 voluntate
477 1978 509 2038 et
529 1992 681 2057 expresso
702 1993 860 2038 consensu
882 1972 1010 2056 capituli
1032 1973 1141 2047 nostri,
1161 1977 1197 2036 ut
1217 1971 1310 2050 bona,
1332 1990 1394 2053 que
1414 1973 1598 2055 apredictis

294 2063 329 2126 G.
351 2068 383 2126 et
404 2063 455 2128 W.
475 2068 628 2142 emerunt,
650 2068 804 2148 perpetua
823 2082 900 2146 poce
921 2062 1104 2145 possideant
1125 2067 1157 2125 et
1177 2061 1337 2145 predictos
1360 2071 1402 2126 xi
1423 2081 1554 2136 mansos
1569 2067 1599 2126 et
1697 2103 1698 2116 2

293 2152 460 2218 dimidium
481 2153 515 2216 in
535 2152 601 2216 Ver
622 2157 654 2218 et
675 2163 716 2218 IX
735 2159 766 2218 et
786 2153 953 2218 dimidium
974 2153 1008 2220 iu
1029 2150 1288 2230 Hentsusleiben,
1309 2152 1392 2216 sicut
1412 2153 1600 2236 simpliciter

294 2243 361 2308 siue
389 2243 625 2308 mensuratione
652 2249 811 2319 emerunt,
839 2244 884 2306 ita
910 2244 978 2306 sine
1008 2243 1246 2306 mensuratione
1278 2243 1436 2308 retineant
1465 2244 1526 2308 sub
1561 2263 1599 2308 eo
1698 2237 1699 2244 '

293 2351 405 2410 censu,
431 2331 544 2413 quiin
574 2333 749 2416 privilegiis
778 2353 875 2416 supra
902 2334 1085 2396 memoratis
1108 2340 1156 2398 est
1176 2351 1361 2416 expressus,
1389 2333 1479 2396 salve
1504 2333 1600 2398 nobis

291 2421 347 2485 illa
368 2421 550 2503 questione,
580 2442 676 2504 quam
694 2443 791 2506 supra
813 2423 905 2486 bonis
926 2423 960 2484 in
982 2422 1049 2486 Ver
1067 2424 1131 2486 iam
1152 2423 1208 2486 diu
1230 2423 1397 2502 movimus,
1418 2424 1600 2488 secundum
1698 2485 1699 2504 ,

293 2511 379 2594 quod
405 2512 439 2574 iu
468 2511 598 2576 arbitrio
628 2518 677 2576 est
700 2532 902 2597 eriprmsmn:v
935 2531 996 2594 que
1023 2512 1108 2576 bona
1129 2512 1277 2576 dominus
1299 2512 1466 2592 GerlacuS,
1495 2516 1601 2578 maior
1698 2523 1699 2526 ’

291 2601 470 2684 prepositus
489 2600 767 2683 Nuenburgensis,
793 2607 864 2685 post
889 2607 1022 2665 mortem
1049 2603 1156 2666 fratris
1182 2602 1231 2664 sui
1252 2601 1395 2665 Heinrioi
1418 2602 1457 2668 de
1476 2601 1601 2668 Heldo·

293 2710 417 2772 rungen
438 2690 531 2754 dictis
552 2691 704 2755 fratribus
725 2691 897 2755 contulisse
918 2691 1052 2754 ridetur.
1094 2691 1135 2754 llt
1155 2697 1192 2754 ut
1212 2692 1270 2754 hec
1292 2697 1360 2756 rata
1380 2703 1601 2776 permaneant,

292 2787 471 2862 presentem
492 2782 640 2862 paginam
661 2781 764 2864 sigillo
786 2787 893 2845 nostro
915 2781 1066 2844 iussimus
1086 2781 1285 2844 communiri.
1316 2781 1456 2846 Nomina
1466 2785 1600 2848 testium
1699 2853 1700 2856 ,

293 2876 368 2934 sunt
389 2870 464 2933 hec:
487 2871 675 2936 Ekehardus
696 2871 851 2950 decanus,
871 2871 1030 2934 Iohannes
1051 2871 1152 2934 maior
1173 2873 1359 2958 prepositus,
1381 2871 1543 2938 Elbuiuus
1559 2875 1602 2938 de
1699 2889 1700 2892 ’

292 2957 391 3036 Lucu,
427 2959 597 3023 Bertoldus
628 2959 666 3024 de
699 2958 877 3023 Oruoeberc
910 2960 1062 3042 propositi
1093 2965 1258 3042 totumque
1290 2962 1466 3045 capitulum
1495 2963 1601 3030 Hers-

291 3047 449 3128 leldenso,
479 3048 588 3110 vasalli
621 3049 720 3114 nostri
747 3046 914 3123 Albertns,
946 3047 1053 3112 Siboto
1086 3049 1125 3114 de
1157 3049 1390 3130 Franlrcusten,
1421 3051 1601 3118 Heinrious

206 3219 208 3223 ,
293 3137 426 3220 dapifer,
456 3137 543 3218 Gyen
569 3138 666 3201 trater
694 3158 785 3214 suus,
812 3137 996 3216 Curnadus,
1023 3137 1241 3203 Erkonbertus
1264 3139 1302 3204 de
1325 3139 1548 3224 Oregenberc¹
1568 3154 1601 3208 et

292 3225 346 3288 alii
382 3226 473 3289 multi
511 3226 734 3291 ministeriales
771 3229 879 3290 nostri.
935 3227 1037 3290 Datah
1071 3227 1104 3290 in
1136 3227 1348 3310 Cregenberc‘
1379 3249 1462 3295 anuo
1494 3234 1601 3316 gratie

292 3325 574 3395 M⁰CG⁰XX⁰V1⁰,
594 3317 768 3381 indictione
790 3326 899 3395 XHII‘,
918 3318 1127 3380 iustitutionis
1149 3324 1255 3382 nostre
1278 3337 1361 3382 anno
1384 3319 1517 3385 decimo.

318 3461 322 3472 ·
361 3451 527 3506 ‘AmenT
577 3443 825 3507 '’addicienteeT
864 3451 921 3506 ‘et
939 3453 1005 3519 feltlt
1024 3453 1054 3506 D
1098 3443 1266 3526 “amplius
1283 3456 1366 3512 ”nna
1383 3455 1414 3510 D
1458 3457 1554 3530 ⁰crgo
1578 3460 1606 3514 T

291 3521 911 3682 Lppgopwpestn'ctcnsibidberpeacdriedml'
943 3531 1226 3606 toreutzenbergkr
1256 3527 1427 3590 ”DatumT
1459 3529 1601 3608 'Oreyem

361 3714 372 3755 ¹
395 3714 452 3785 Vqr.
470 3715 522 3775 Nr.
540 3721 583 3776 81.

816 3827 1066 3838 ——-———-

291 3955 401 4038 1226.
431 3957 557 4058 April
583 3957 619 4039 2.
647 3958 908 4056 merseburg.
1529 3963 1599 4046 92.

370 4092 434 4158 Abt
457 4093 614 4157 Winemur
646 4113 703 4157 von
734 4094 839 4175 Pfortc
874 4094 1039 4169 distendet,
1086 4095 1161 4158 dass
1188 4096 1256 4158 sein
1277 4095 1404 4160 Klotter
1432 4117 1493 4162 zur
1518 4099 1598 4163 Bei-

328 4181 440 4264 leponp
472 4183 525 4246 des
551 4182 676 4248 &redes
706 4185 763 4247 mit
789 4183 858 4246 oen
889 4183 1054 4247 deuectum
1081 4183 1277 4249 Rittcrorden
1304 4187 1354 4250 die
1379 4185 1600 4270 Besitcaapen

327 4271 479 4336 desselben
506 4273 541 4335 in
563 4271 770 4354 Porstendorf
790 4273 848 4354 fiir
878 4275 945 4337 520
968 4271 1068 4336 Mart
1093 4274 1161 4336 irad
1187 4280 1281 4339 anter
1309 4275 1517 4344 doomonte
1544 4299 1599 4362 pe·

326 4361 432 4426 wisser
462 4361 733 4443 Vcrpllt'cttunpen
752 4361 926 4443 anpeltooft
945 4361 1027 4426 tate.

435 4495 566 4554 Hdaolus
593 4495 637 4552 Or.
653 4495 728 4566 Pare.
753 4513 803 4550 ooo
831 4497 971 4552 Parmae
994 4497 1082 4552 Haiid
1108 4499 1168 4567 (apl.
1187 4498 1329 4568 Possem).
1370 4501 1445 4556 Zwei
1470 4503 1528 4572 Sp,
1548 4502 1599 4558 da

489 4575 971 4645 AtmoonPfortemtddesPropotea
982 4575 1594 4654 HemoowsMesoerptudetucttdfw.
