3506 5148
576 373 628 435 Nr.
639 373 786 436 bid—561.
806 377 987 436 rete-1344.
1385 377 1437 434 515

133 549 188 594 sen
209 529 359 612 intererit,
379 537 482 616 pateat
503 552 558 616 per
580 533 640 596 hoc
660 535 824 615 scriptum,
848 532 933 615 quod
954 551 1013 595 nos
1034 530 1207 610 Conradus,
1227 527 1384 594 Rudollns
1407 534 1438 594 et

131 621 290 686 Hauricns
325 623 437 688 fratres
472 626 623 708 pincerne
654 630 685 687 et
716 625 837 687 domini
867 625 901 686 in
932 623 1063 686 Saleche
1100 623 1188 685 omui
1221 623 1336 685 actioni
1370 623 1438 685 sive

134 732 237 792 cause,
259 733 355 796 quam
377 714 548 778 habuimus
575 721 685 780 conha
705 714 904 778 honorabiles
925 718 956 776 et
975 713 1138 796 religiosos
1160 714 1244 775 viros
1272 712 1436 776 domiuum

132 801 277 866 abbatem
307 811 338 867 et
368 811 561 869 conventum
591 805 630 868 de
662 805 757 868 Po'rta
792 823 887 888 super
923 803 994 867 iure
1022 808 1208 886 patronatus
1243 803 1373 866 ecclesie
1404 805 1437 864 in

132 891 350 974 Saxenhnseu,
379 914 453 958 cum
474 897 590 958 nostris
611 897 722 959 amicis
749 900 883 958 uocatu
910 899 940 957 ct
968 893 1191 957 deliberatione
1215 894 1387 976 prehabitis
1407 899 1438 956 et

133 983 311 1064 specialiter
340 984 379 1048 ad
406 985 662 1049 informationem
688 985 820 1048 Henrici
854 984 1018 1047 marscalci
1046 983 1084 1046 de
1110 983 1303 1047 (loznirstete
1335 985 1436 1047 vitrici

133 1073 232 1134 nostri
255 1075 410 1138 cessimus
430 1080 461 1137 et
479 1077 758 1138 renunciavimus²
779 1081 810 1138 et
831 1093 871 1138 ex
887 1079 972 1136 certa
987 1075 1127 1153 scientia,
1147 1093 1211 1137 non
1230 1092 1286 1157 per
1300 1093 1436 1137 errorem

132 1162 193 1224 hiis
214 1165 338 1246 scriptis
359 1167 586 1229 renunciamus
606 1165 765 1244 absolute,
791 1163 889 1227 libere
916 1169 947 1226 et
975 1181 1123 1246 expresse
1143 1183 1300 1246 omneque
1320 1165 1386 1243 ius,
1410 1165 1437 1226 si

130 1257 160 1314 et
182 1255 267 1335 quod
290 1254 462 1319 habuimus
483 1257 551 1319 sive
572 1256 656 1340 quod
676 1255 768 1319 nohis
790 1275 831 1318 ex
852 1260 981 1338 patema
1004 1255 1205 1316 successione
1226 1273 1282 1318 sen
1305 1254 1437 1337 quibus-

130 1360 258 1425 cunque
279 1344 349 1408 aliis
369 1346 472 1426 modo,
498 1348 550 1410 via
571 1347 621 1410 vol
642 1365 739 1409 causa
760 1347 793 1408 in
812 1351 980 1428 patronatu
1005 1343 1144 1426 predicto
1164 1349 1330 1427 conpetere
1354 1346 1437 1408 vide-

130 1430 231 1512 batur,
251 1433 420 1498 dimidium
441 1437 571 1519 insuper
591 1455 741 1499 mansum
764 1438 795 1498 in
818 1437 950 1518 campis,
971 1453 1034 1517 quo
1056 1435 1218 1516 quondam
1240 1435 1343 1498 dictus
1358 1436 1435 1498 Stitz

130 1523 246 1604 suique
272 1524 414 1604 heredeS,
440 1526 585 1609 duasque
610 1527 716 1588 curias
742 1527 774 1588 in
805 1526 880 1589 villa
905 1525 1044 1608 predicta
1065 1524 1291 1604 Saxenhusen,
1319 1525 1437 1609 quibus

130 1609 215 1675 Oraft
235 1613 274 1676 de
296 1614 476 1679 Oberndorl
493 1617 593 1696 miles,
613 1615 793 1679 Fridericus
815 1621 846 1678 et
866 1613 1025 1678 Henricns
1046 1613 1158 1678 iratres
1179 1615 1253 1678 dicti
1276 1615 1315 1678 de
1336 1614 1436 1679 Suer-

130 1707 210 1766 stete
237 1706 337 1768 nostri
359 1705 467 1770 fideles
489 1706 641 1770 infeudati
662 1706 793 1770 fuerunt
814 1727 833 1768 a
853 1704 961 1785 nobis,
987 1704 1177 1769 donavimus
1198 1711 1229 1768 et
1250 1705 1437 1769 tradidimus

131 1809 190 1854 nec
215 1811 278 1856 oon
309 1795 510 1876 presentibus
536 1797 711 1859 donamusb
742 1802 772 1858 et
797 1795 953 1858 tradimus
978 1793 1084 1858 abbati
1109 1801 1140 1858 et
1165 1797 1337 1858 conventui
1367 1815 1437 1879 pre·

133 1880 252 1960 libatis,
280 1885 359 1947 nihil
385 1887 464 1949 iuris
492 1886 584 1949 nobis
612 1893 643 1949 et
664 1887 780 1949 nostris
801 1884 970 1948 heredibus
991 1903 1047 1946 seu
1070 1885 1308 1948 successoribus
1327 1886 1361 1947 in
1383 1905 1436 1968 pa·

130 1976 271 2053 tronatu,
301 1994 412 2038 manso
434 1981 465 2038 et
485 1977 582 2039 curiis
603 1995 662 2038 nec
683 1995 748 2038 non
770 1977 803 2038 in
826 1975 986 2038 totavilla
1008 1975 1104 2038 huius
1125 1974 1210 2037 modi
1232 1982 1439 2056 reservantes,

131 2063 346 2145 appendentes
378 2067 452 2129 huic
482 2066 585 2130 littere
617 2072 725 2130 nostra
754 2067 856 2149 sigilla
887 2067 920 2128 in
952 2065 1169 2128 testimouium
1201 2067 1436 2148 premissorum.

130 2150 237 2216 Testes
264 2155 360 2218 huius
386 2158 432 2219 rei
460 2162 537 2219 sunt
556 2156 766 2219 Theodericus
792 2155 985 2218 marscalcus
1011 2157 1184 2218 canonicus
1206 2158 1305 2219 sancti
1327 2157 1438 2219 Seueri

131 2241 362 2323 Eliordensis0,
391 2245 601 2310 Theodericus
629 2247 668 2310 de
699 2244 896 2327 Brantbach,
928 2244 1088 2309 Henricus
1120 2246 1159 2308 de
1188 2245 1439 2329 Sommeringeu,

132 2332 308 2398 Wernerus
340 2335 379 2400 de
405 2335 572 2400 Nusezzen
603 2337 750 2399 monachi
777 2335 945 2400 Fortenses
977 2355 1036 2399 nec
1066 2357 1130 2399 non
1161 2337 1256 2400 irater
1282 2337 1439 2402 lohannes

132 2422 237 2486 dictus
264 2423 404 2507 l'opher‘1
437 2445 610 2489 conversus
640 2426 783 2490 eiusdem
813 2428 1004 2491 monasterii.
1055 2425 1175 2490 Datum
1201 2447 1286 2492 anno
1318 2428 1439 2492 domiui

132 2521 387 2596 n⁰coc⁰x1n11,
416 2517 449 2579 iu
478 2515 528 2579 die
556 2515 660 2580 beati⁰
685 2516 808 2580 Nicolai
833 2518 980 2600 episcopi.
1022 2513 1063 2578 Et
1090 2535 1147 2598 ego
1172 2515 1331 2581 Henricus
1358 2539 1439 2581 mar-

131 2604 256 2666 scalcus
288 2605 327 2668 de
355 2605 527 2669 Gesirstete
559 2607 728 2690 predictus*
744 2626 933 2689 recognosco
965 2608 1119 2691 premissa
1148 2609 1310 2671 veritatem
1337 2611 1439 2671 omni-

132 2695 260 2757 modam
282 2696 444 2760 continere
465 2703 495 2759 et
514 2697 552 2759 ad
574 2698 761 2779 peticionem
785 2697 935 2777 Conradi,
962 2697 1087 2762 Rudolfi
1111 2703 1141 2760 et
1164 2697 1293 2761 Henrioi
1317 2701 1438 2782 pincer-

132 2803 247 2848 narum
270 2787 487 2869 privignorum
504 2807 648 2851 meornm
668 2807 774 2852 meum
790 2789 930 2868 sigillum
946 2788 1020 2850 huic
1037 2788 1138 2850 littere
1151 2791 1235 2850 esset
1251 2807 1435 2872 appensum.

203 2900 428 2955 ‘renunciamus
448 2902 474 2955 Τ
547 2893 677 2958 hdamus
698 2903 728 2958 D
807 2905 863 2958 ‘ct
880 2903 1097 2973 bimamcfiiptl'
1170 2895 1274 2958 “Odor
1290 2905 1397 2976 'l'epher
1416 2907 1442 2960 Τ

129 2981 248 3048 schitia
266 2980 296 3034 D
366 2983 416 3037 ‘’s.
435 2983 512 3049 (siclt
528 2983 614 3050 beati)
634 2984 664 3038 D
734 2974 802 3038 sest
818 2984 849 3038 D

133 3217 250 3299 1344.
277 3219 446 3302 ianuar
459 3224 498 3306 3.
530 3222 693 3307 Pionia.
1347 3227 1437 3310 asi.

215 3353 383 3418 Friedrich
408 3355 482 3438 [der
502 3357 705 3442 Ernsthafte]
736 3359 912 3442 hederas
935 3381 995 3424 aaa
1024 3360 1211 3442 Thiiriaoerr
1240 3362 1350 3444 befreit
1379 3364 1438 3428 das

172 3443 297 3506 Kloster
318 3445 427 3526 Psorte
446 3466 506 3511 voa
522 3447 608 3511 allen
627 3449 794 3531 Aufiagen
814 3451 916 3514 aare
937 3451 1099 3515 Beamtera

288 3561 420 3617 Hdschm
450 3564 495 3618 Or.
512 3565 588 3634 Perq.
625 3567 670 3636 Sp.
694 3585 733 3620 ara
759 3569 976 3634 uiolettsarbcaea
999 3568 1096 3622 Fauen
1122 3569 1279 3639 uelocius.
1316 3570 1438 3626 Drasdea

334 3643 371 3696 Η.
382 3643 422 3698 St.
433 3643 467 3698 Δ,
487 3645 627 3700 Nr.2968.
647 3677 680 3686 -
698 3647 728 3700 D
743 3651 794 3700 134
813 3647 1074 3719 (titPrerogntiva).
1105 3648 1174 3704 Tel.

284 3734 396 3790 Druck:
414 3736 549 3792 Bartsch:
573 3738 658 3807 Wolff
667 3739 709 3807 H,
724 3744 784 3798 447.
827 3739 884 3808 Vyl.
900 3740 1046 3806 PererchI,
1058 3745 1092 3795 61
1109 3741 1169 3794 arrd
1186 3741 1440 3798 Rama-Sesami

330 3815 354 3882 I,
374 3819 418 3882 41,
434 3816 506 3870 bride
522 3818 573 3871 mit
589 3819 706 3884 salacher
725 3819 884 3874 Jahrceachl
902 3824 981 3875 1349.

214 3919 470 3985 NosFridericus
491 3921 541 3985 dei
561 3924 847 4009 gracia'lhuringie
867 3927 1059 4010 langravius,
1081 3927 1269 3993 Misenensis
1285 3935 1316 3994 et
1328 3931 1439 3995 Orien-

134 4010 206 4073 talis
236 4010 378 4072 marchio
410 4011 622 4095 dominusque
651 4021 733 4078 terre
762 4015 949 4097 Plysnensis
979 4021 1235 4100 recognoscimus
1263 4027 1294 4083 et
1325 4023 1438 4086 harum

133 4102 214 4162 serie
241 4099 418 4164 litterarum
446 4103 672 4167 notificandum
700 4107 853 4170 duximus
879 4109 1078 4190 presencium
1107 4110 1338 4192 inspectoribus
1367 4114 1439 4174 uni-

136 4191 248 4268 versis,
276 4192 360 4273 quod
389 4194 428 4254 ob
456 4194 563 4257 divine
590 4198 860 4260 remuneracionis
886 4200 1037 4260 intuitum
1067 4217 1125 4262 nec
1146 4218 1211 4261 non
1232 4199 1271 4261 ad
1293 4199 1437 4264 devotam

134 4282 325 4361 peticionem
363 4287 394 4344 et
433 4284 606 4367 supphcem
643 4305 771 4369 precum
809 4289 998 4350 instanciam
1036 4289 1178 4351 virorum
1218 4290 1438 4372 religiosorum

104 4369 254 4459 'domini
276 4369 398 4434 Alberti
423 4372 546 4437 abbatis
574 4380 604 4438 et
625 4383 802 4439 conventus
824 4380 1006 4441 monasterii
1028 4377 1190 4441 Portensis
1211 4377 1438 4460 cysterciensis

132 4459 253 4524 ordinis
286 4462 377 4544 ipsis,
401 4463 549 4532 videlicet
577 4465 698 4546 abbati,
725 4471 910 4546 conventui,
937 4470 1140 4548 monasterio,
1168 4471 1324 4552 grangiis,
1345 4470 1439 4552 villis,

133 4548 318 4616 hominibus
343 4560 374 4615 et
403 4552 494 4617 bonis
521 4555 591 4618 aliis
618 4556 866 4640 quibuscunque
895 4559 935 4620 ad
957 4557 1101 4622 abbatem
1128 4564 1160 4622 et
1184 4567 1377 4624 conventum
1403 4580 1439 4625 ac
