3400 5148
573 389 623 446 Νι.
636 392 781 448 rte-1413.
802 393 876 446 1255.
1331 393 1379 447 tce

87 541 256 604 memoratis
278 549 428 624 perpetuo
451 549 656 624 permaneant
669 561 741 604 cunr
757 542 843 604 omni
857 562 933 624 pace
951 561 986 606 ac
1003 543 1118 624 quiete,
1141 543 1379 608 cavillationum

86 637 108 692 et
121 630 416 712 interpretationum
433 631 633 694 sinistrarum
653 631 843 714 calumpniis
862 631 1017 694 submotis
1036 633 1162 715 penitus
1178 639 1209 696 et
1230 634 1378 697 excirrsis.

86 719 153 798 Cum
171 720 258 784 enim
274 719 308 781 in
325 720 512 784 vendicione
526 721 621 783 trium
640 739 822 784 mansorum
836 721 1127 804 prenominatorum
1140 743 1189 786 res
1200 735 1307 786 nostru
1320 725 1380 787 uti-

85 809 144 872 liter
159 813 248 892 gesta
263 827 342 888 esse,
363 817 456 892 prout
472 809 737 893 recognoscimus,
752 810 962 892 liquidissime
974 811 1173 894 approbetur,
1189 833 1252 875 nou
1274 833 1380 896 posse·

86 919 144 960 nus
159 917 234 962 eum
247 899 474 982 indempnitate
487 900 630 978 transire,
642 919 714 962 cum
730 918 826 984 super
837 900 1018 982 grvarundie
1030 921 1065 963 ae
1077 903 1243 965 evictionis
1254 905 1380 966 caucio-

86 987 168 1052 nibus
188 995 362 1067 teneamur,
386 1009 529 1052 necnon
552 989 620 1053 sine
643 990 760 1053 doloris
782 991 893 1053 aculeo
916 990 1070 1058 tollerare.
1092 992 1118 1054 si
1140 991 1237 1056 abbas
1259 1000 1289 1056 et
1304 1013 1379 1056 con-

86 1085 188 1143 tentus
218 1079 386 1143 Fortenses
419 1099 514 1162 super
542 1080 705 1163 premissis
737 1078 918 1162 aliqualiter
950 1087 1151 1143 reserentur.
1198 1079 1314 1144 Datum
1346 1083 1378 1145 in

86 1168 289 1233 iiimeleibem
310 1189 393 1231 anno
416 1169 533 1232 domini
556 1171 673 1232 n⁰ee⁰
687 1179 757 1248 ψ,
778 1169 878 1252 pridie
902 1169 975 1232 idus
996 1169 1144 1233 Ianuarii.

141 1306 153 1332 ¹
173 1303 351 1356 itauesnnait
406 1293 418 1330 ⁵
438 1301 579 1374 nnburgeit

83 1532 185 1615 ibib.
213 1533 382 1615 Jnrrunr
407 1533 465 1615 12.
823 1465 835 1476 .
1290 1531 1378 1614 143.

154 1669 306 1734 Heitrrr'cir
334 1691 392 1732 von
422 1668 513 1731 Bucb
541 1668 617 1730 trust
647 1669 697 1731 die
721 1667 782 1731 iton
803 1667 852 1732 ats
880 1667 954 1748 Vopt
975 1669 1027 1732 des
1047 1667 1187 1732 Kouers
1208 1667 1380 1733 Memtcben

114 1759 318 1824 resteterden
339 1757 450 1822 Recide
473 1779 517 1820 uu
543 1759 603 1822 den
629 1759 665 1820 in
697 1757 757 1820 den
783 1755 890 1822 tetcten
911 1759 979 1820 drei
1007 1755 1179 1822 Ueteruien
1200 1759 1378 1823 avocantur

118 1855 136 1914 3
162 1849 276 1932 anen
314 1849 347 1911 ie
378 1845 662 1911 Kteirr-Merntebcn
694 1849 762 1910 dont
794 1847 871 1911 Aee
900 1847 953 1910 des
986 1845 1127 1910 Krastos
1162 1845 1308 1930 Hersfdai
1337 1869 1378 1912 att

118 1941 261 2004 Genetes
282 1939 336 2002 des
356 1936 497 2002 Ktueers
515 1937 621 2018 Horta
641 1939 710 2018 rrtrs.

224 2078 356 2133 disiectus
375 2077 404 2130 1)
423 2081 454 2130 17
474 2077 526 2143 (tit.
541 2075 678 2137 Oetimle).

226 2185 335 2239 Druck:
357 2182 491 2236 Derriseb:
518 2179 601 2249 ii'olff
617 2181 658 2244 H,
677 2184 719 2236 80.

153 2316 325 2380 Heinricus
347 2311 397 2374 dei
419 2311 519 2392 gratia
541 2309 713 2372 advocatus
740 2310 779 2372 de
803 2311 888 2372 Brnir
913 2311 1069 2372 universis
1092 2309 1206 2372 eru-isti
1228 2309 1378 2373 fidelibus

82 2405 132 2465 iun·
154 2401 445 2487 scripturus-iuriis
470 2401 503 2462 iu
530 2409 717 2482 perpetuum
745 2400 879 2462 salutern
907 2401 937 2462 in
962 2400 1098 2462 domino.
1141 2401 1222 2462 Cum
1243 2395 1386 2462 errclesin‘

80 2509 180 2558 sancte
211 2493 329 2556 Marie²
357 2493 387 2553 in
414 2489 615 2552 ttiuntutnu
649 2489 707 2551 snb
741 2499 826 2552 tantu
858 2509 953 2551 unere
980 2489 1157 2552 debiturum
1184 2491 1302 2552 iaceret
1323 2491 1377 2552 de-

81 2603 194 2664 pressa,
224 2581 309 2664 quod
340 2600 506 2643 usurarum
538 2581 718 2660 retugirrern
742 2579 877 2642 eradere
899 2599 961 2641 nen
986 2587 1091 2662 posset
1114 2579 1177 2642 ulio
1199 2581 1293 2642 rnorto
1315 2581 1375 2643 nisi

79 2693 128 2756 pta·
149 2673 384 2736 distractionem
406 2669 616 2748 inrnubilirnn,
638 2669 676 2730 do
700 2675 805 2732 nostru
825 2675 855 2730 et
878 2669 1011 2731 aliorum
1027 2669 1220 2751 prudentum
1235 2671 1375 2733 virorum

78 2763 204 2824 eurisiiie
231 2769 296 2824 tres
324 2780 451 2822 mansus
477 2759 509 2822 in
536 2757 650 2820 Minori
676 2757 874 2820 ilinrelcibon
902 2758 1052 2821 iratribus
1078 2759 1117 2820 de
1140 2759 1236 2822 Porta
1256 2761 1376 2824 ordinis

79 2851 317 2930 Cysterciensis,
343 2848 606 2930 Neenlnrrgcnsis
634 2849 794 2928 dyocesis,
827 2868 882 2930 pru
913 2850 1098 2912 tutt‘lll'ffl'
1125 2851 1240 2929 mercis
1267 2851 1376 2914 rendi·

79 2943 198 3007 derunt.
239 2943 360 3004 Verum
390 2939 465 3020 quia
491 2939 575 3002 idem
604 2943 784 3002 contractus
815 2937 937 3000 nulinnr
965 2941 1094 3000 ornnino
1116 2947 1238 3022 poterat
1261 2941 1375 3003 trabere

78 3051 270 3114 processum,
299 3030 361 3094 nisi
388 3029 479 3112 plene
508 3037 539 3092 et
567 3029 687 3108 integre
718 3029 803 3090 onrni
830 3029 904 3106 iuri,
932 3029 1016 3108 qnod
1043 3029 1169 3092 racione
1191 3030 1376 3093 adruentieb

79 3123 105 3182 in
132 3123 282 3204 predictis
311 3121 429 3183 mansis
456 3118 644 3182 videbamur·
664 3117 794 3196 trabere,
817 3119 1102 3194 renuneimunrus⁶,
1125 3139 1183 3180 nes
1205 3129 1376 3184 memorate

77 3213 216 3286 ecclesie,
237 3213 320 3274 sient
342 3209 538 3286 tenebamur,
562 3209 734 3290 plurimum
756 3208 962 3270 condolentes
983 3208 1139 3290 presentis
1161 3211 1266 3292 scripti
1290 3214 1376 3274 testi-

78 3301 178 3364 monio
211 3321 304 3364 omne
331 3300 397 3378 ins,
430 3298 515 3380 rpuod
544 3298 577 3358 in
607 3297 735 3380 prefatis
761 3297 880 3358 nrurrsis
906 3297 1033 3358 racione
1061 3297 1229 3360 adr'ucncie
1261 3299 1375 3363 trabere

78 3390 259 3456 ridebanrur
282 3390 331 3450 rei
353 3388 445 3450 nobis
466 3387 672 3470 competebat,
694 3387 727 3447 in
750 3405 863 3448 uranus
877 3385 996 3448 domiui
1014 3385 1136 3450 abbatis
1153 3388 1191 3449 de
1209 3389 1374 3453 tiersielde

76 3482 267 3562 resignantes
302 3477 502 3561 presentibus
532 3476 739 3539 Portcnsitrns
766 3475 953 3538 dimittimus
990 3475 1149 3544 absolute.
1186 3480 1272 3540 onrui
1303 3480 1374 3547 iuri.

76 3570 155 3650 anrd
190 3569 281 3632 nobis
315 3569 439 3631 racione
471 3567 653 3630 adr‘ecutie‘¹
685 3573 864 3648 competere
894 3565 1033 3644 ridetur,
1067 3566 1157 3648 piene
1192 3575 1222 3630 et
1255 3568 1375 3650 integre

76 3659 304 3722 renunciantes.
346 3655 464 3720 Datum
493 3677 575 3718 anuo
608 3656 728 3718 domini
755 3657 956 3732 M⁰ert⁰tn'‘',
988 3656 1089 3738 pridie
1122 3657 1193 3718 idus
1225 3657 1374 3722 Ianuarii.

74 3747 177 3812 'testes
206 3749 301 3810 huius
324 3748 368 3810 rei
395 3754 470 3809 sunt
487 3745 581 3828 Huge
604 3745 642 3808 de
665 3745 871 3828 schidingon,
892 3744 1064 3808 Heinricus
1088 3745 1264 3821 Kezilirrrth,
1286 3747 1376 3812 Ditlr·

75 3857 179 3902 murus
210 3837 247 3900 de
276 3836 508 3914 Mimeleibern,
539 3835 708 3898 Currradus
738 3833 834 3898 Dens.
885 3833 933 3898 Nc
963 3835 1060 3916 igitur·
1089 3855 1184 3919 super·
1214 3839 1376 3920 premissis

75 3927 207 3991 dubium
228 3927 327 4010 possit
347 3925 499 4004 suboriri,
525 3931 703 4008 presentent
733 3923 879 3986 cedulam
908 3923 1024 3987 exinde
1047 3927 1258 4008 currscriptanr
1280 3929 1375 4011 sigilli

74 4017 168 4082 nostri
201 4017 381 4080 testimonio
409 4035 467 4080 nec
499 4035 563 4078 non
596 4024 627 4077 et
659 4015 779 4076 domini
812 4013 933 4076 Alberti
964 4015 1088 4076 cernitis
1115 4014 1153 4078 de
1184 4015 1377 4081 Rabinsualt

74 4107 226 4170 struximus
250 4105 475 4184 roborandum,
505 4105 579 4168 huie
605 4106 688 4166 iacto
716 4116 809 4166 cunr*
834 4104 982 4167 omnibus
1009 4103 1159 4168 fratribus
1191 4107 1269 4168 meis
1300 4129 1374 4170 con-

74 4215 201 4262 sensum
225 4195 398 4278 benignum
421 4193 615 4258 adhibentes.

136 4313 276 4366 '‘sancte
294 4311 380 4366 marie
398 4310 525 4366 “eeclesia
594 4301 607 4336 '⁸
626 4309 808 4364 adunatione
870 4308 1125 4364 treurruciaremur
1188 4302 1375 4368 “aduocatidi

72 4413 158 4456 ’cunr
179 4401 248 4469 fehlt
1353 4387 1373 4400 ⁰

705 4513 729 4520 ...
784 4513 846 4526 .-,-..
