3410 5146
311 367 345 419 94
684 355 912 412 Urkundenbuch
932 351 980 412 ue
998 359 1123 415 Kloetere
1142 359 1243 416 Psorte.

312 510 550 598 apprehendant
571 527 680 570 rerem
704 508 810 570 vitem.
841 507 932 582 Quod
952 511 1105 574 nimirum
1126 517 1189 573 tem
1212 512 1338 575 salubre
1361 513 1529 575 consilinm
1542 531 1607 575 curu

313 604 410 667 multi·
435 603 579 684 potentes
610 602 641 660 et
672 595 763 658 multi
795 596 917 659 nobiles
949 605 1021 661 ante
1053 619 1111 662 nos
1137 607 1288 664 strennue
1316 601 1416 664 secuti
1442 601 1562 663 hierint
1582 611 1608 663 et

312 693 447 757 terrenis
476 688 605 752 celestia
636 685 724 768 larga
754 705 851 749 manu
880 689 1135 770 corrperererint,
1166 696 1198 752 et
1227 711 1285 754 nes
1311 709 1421 753 eorum
1451 691 1609 772 exemplua

313 783 404 864 sequi
425 782 637 863 proponentes
658 774 773 838 collata
793 773 885 838 nobis
907 796 925 837 u
947 776 1006 840 deo
1030 778 1113 840 bone
1133 779 1319 862 temporalis
1334 781 1367 841 in
1383 781 1523 862 presenti
1540 779 1609 841 dure

309 873 472 956 eripimus,
501 872 536 930 ut
562 865 600 927 eb
627 884 664 928 eo
693 870 802 927 eterne
826 865 859 926 in
885 865 993 928 futuro
1016 867 1213 949 recipiemus.
1255 868 1458 932 Manifestum
1481 869 1609 950 preinde

308 959 466 1028 universis
488 955 602 1020 Christi
625 953 777 1017 fidelibus
799 959 861 1016 tum
884 955 1085 1036 presentibus
1108 976 1203 1036 quani
1225 957 1343 1020 futuris
1364 977 1433 1020 esse
1455 957 1609 1021 volumus.

306 1052 390 1134 quod
420 1067 479 1110 uos
509 1046 547 1108 ad
569 1044 805 1108 edificationem
827 1043 952 1107 cenobii
975 1046 1095 1108 ordinis
1117 1046 1350 1124 Cistereiensis,
1378 1047 1464 1128 quod
1486 1048 1519 1109 in
1544 1067 1609 1129 pro-

307 1143 407 1205 vintie
429 1134 651 1202 Prementensi
673 1133 712 1196 de
734 1135 924 1217 patrimonio
948 1143 1064 1212 nostro,
1085 1136 1169 1216 quod
1193 1136 1233 1198 ud
1256 1156 1315 1199 nos
1336 1137 1529 1199 hereditario
1546 1137 1609 1198 inre

305 1231 449 1306 devenit,
487 1247 506 1288 u
542 1223 759 1288 fundamentis
791 1230 957 1288 exstruere
991 1225 1050 1287 deo
1082 1233 1243 1288 annuente
1271 1227 1333 1288 iom
1367 1227 1524 1308 cepimus.
1559 1227 1610 1288 hes

306 1320 522 1404 possessiones
553 1335 610 1396 pro
640 1314 781 1376 remedio
811 1315 919 1394 anime
944 1321 1054 1395 nostre
1075 1315 1169 1378 simul
1191 1321 1223 1378 et
1243 1322 1411 1399 parentum
1432 1325 1610 1378 nostrorum

306 1406 473 1492 sollempni
511 1404 681 1467 donatione
716 1403 833 1465 liberas
870 1405 904 1466 in
941 1411 1131 1486 perpetuum
1162 1405 1372 1469 corrtulimus:
1404 1403 1525 1472 locum.
1559 1406 1608 1486 qui

306 1499 458 1562 l’oloniee
488 1493 597 1576 lingue
625 1491 778 1572 Virclruje
817 1492 947 1565 dicitur,
983 1513 1056 1556 eum
1092 1495 1393 1558 circumiacentibus
1421 1494 1556 1558 leeuhns
1584 1504 1613 1555 ct

307 1586 489 1652 nemoribus
516 1603 619 1664 usque
647 1582 686 1644 ud
712 1582 853 1644 confinia
882 1589 913 1645 et
943 1589 1042 1645 metes
1072 1584 1236 1664 (llogowie
1264 1585 1408 1647 terminis
1436 1585 1610 1664 contiguus.

305 1678 453 1743 Dominiu
476 1694 549 1737 eum
562 1673 669 1751 Color,
690 1672 831 1734 Bucoviz
853 1678 884 1734 et
905 1671 992 1734 aliud
1009 1671 1148 1735 Bneorin
1170 1693 1242 1736 cnm
1255 1673 1468 1748 Rozwarou'o,
1487 1674 1610 1736 Mor-bil

307 1787 381 1831 eum
411 1767 532 1838 Ptowo,
558 1763 710 1825 Redemir
737 1781 810 1824 curn
841 1763 964 1825 Gorzlro
992 1768 1024 1825 et
1051 1762 1221 1836 Ozlonin0,
1250 1763 1381 1826 Zecowo
1399 1781 1472 1826 cnm
1498 1763 1613 1838 Clewo,
1700 1787 1701 1790 ¹

308 1857 468 1932 l'retsino,
496 1852 653 1934 Kneginiz
680 1851 713 1912 in
744 1851 903 1933 provintie
924 1850 1100 1928 bremensi,
1126 1851 1259 1913 Zirsniei
1281 1852 1372 1913 iuxta
1392 1851 1516 1914 Rodum
1541 1871 1612 1914 cum

306 1946 481 2010 attinentiis
508 1943 587 2019 suis,
615 1941 709 2003 cultis
738 1948 769 2002 et
797 1940 941 2009 incultis,
968 1939 1028 2002 viis
1049 1945 1080 2002 et
1101 1940 1209 2017 inviis,
1230 1941 1327 2022 agris,
1350 1942 1441 2021 aquis
1464 1948 1496 2004 et
1517 1940 1614 2004 siluis.
1700 1959 1701 1968 ¹

307 2037 404 2120 pratis
426 2041 457 2098 et
478 2031 635 2116 paschuis,
657 2030 842 2093 nemoribus
863 2035 895 2093 et
915 2029 1147 2106 venationibus,
1169 2029 1303 2093 lacubus
1324 2036 1356 2092 et
1377 2030 1614 2112 piscationibus,

306 2126 451 2208 aucupiis
472 2129 503 2184 et
525 2121 673 2201 navigiis,
696 2139 768 2182 cum
791 2121 876 2182 omni
898 2119 1043 2182 libor-tote
1066 2127 1097 2182 et
1119 2121 1268 2195 utilitate,
1297 2139 1359 2200 que
1385 2121 1418 2180 in
1441 2122 1615 2202 presentiu-

307 2233 377 2277 rum
409 2215 493 2276 inest
524 2211 571 2272 vel
606 2212 710 2272 inesse
742 2210 857 2292 poterit
889 2209 918 2270 in
952 2210 1104 2270 futurum.
1154 2209 1223 2270 Hee
1251 2229 1326 2290 ergo
1354 2228 1412 2269 nos
1439 2211 1471 2270 in
1499 2229 1615 2271 manus

307 2303 498 2366 venerabilis
512 2300 684 2362 ll'inemeri
707 2299 830 2362 obbatis
850 2299 889 2361 de
903 2299 1005 2376 Porta,
1025 2301 1077 2360 cui
1098 2298 1237 2362 eundem
1259 2298 1365 2362 locum
1381 2299 1614 2362 exstruendum

306 2391 571 2468 contradidimus,
594 2389 791 2470 designantes
813 2387 974 2451 licentiam
996 2389 1143 2450 dedimus
1165 2389 1239 2450 novi
1260 2388 1322 2451 loci
1342 2387 1494 2452 frutribus
1518 2408 1616 2452 unam
1701 2445 1702 2462 ,

306 2483 356 2544 rcl
380 2483 459 2544 dous
483 2479 573 2542 villas
594 2480 737 2542 forenses
758 2483 789 2542 et
810 2479 896 2557 alius,
921 2487 1076 2560 ‹protquot
1089 2478 1248 2541 coluerint
1264 2480 1500 2562 seupetuerint,
1524 2479 1618 2541 villas

305 2571 549 2635 lbuhnricoruru
572 2571 604 2630 in
628 2589 756 2631 nemore
779 2574 809 2631 et
831 2569 861 2630 in
882 2569 1080 2652 possessione
1105 2567 1368 2630 srur'l'eutoniculi
1390 2570 1460 2632 inre
1477 2579 1508 2632 et
1519 2569 1618 2632 liber·

307 2669 368 2724 toto
393 2659 545 2742 ponendi.
573 2659 642 2720 loca
664 2659 770 2720 omnin
792 2667 822 2720 ct
844 2659 977 2719 rusticos
1000 2662 1061 2718 bun
1084 2657 1274 2720 Teutonicos
1297 2678 1392 2740 quem
1415 2658 1557 2722 Polonos
1580 2659 1618 2724 ah

307 2752 392 2812 ouini
420 2749 537 2812 iudicio
566 2754 597 2810 et
617 2752 770 2829 potcstute
794 2753 857 2810 tem
881 2756 988 2809 nostro
1010 2766 1105 2827 quem
1130 2753 1310 2809 nostrorum
1332 2752 1364 2810 et
1384 2749 1470 2810 omni
1493 2749 1565 2810 iure
1588 2758 1618 2810 ct
1702 2807 1703 2830 χ

307 2839 482 2926 ministerio
507 2836 656 2900 l'olouico
681 2837 818 2918 pleuuric
841 2837 1049 2898 absolventes.
1087 2835 1152 2898 llec
1175 2857 1251 2898 vero
1274 2843 1349 2899 sunt
1367 2839 1495 2939 nomino
1518 2838 1619 2899 rusti-
1702 2835 1703 2848 ¹

306 2973 429 3028 eorum,
456 2973 535 3032 cruos
567 2952 613 3014 eis
642 2951 804 3013 dedimus:
832 2952 863 3012 iu
887 2951 1010 3012 hirson·
1038 2951 1126 3028 l’u‘rr,
1148 2951 1287 3028 'Phnsluu
1308 2951 1429 3027 Milozt,
1450 2951 1619 3032 'lbrgossrt

308 3042 448 3116 Zedlute,
470 3040 642 3119 Dumouiz,
665 3041 697 3102 in
719 3038 865 3103 Dominiz
886 3040 1025 3116 Rruloch,¹
1048 3039 1194 3121 hreutos,
1215 3040 1336 3118 Plefue,
1357 3041 1512 3118 undasse,
1536 3061 1621 3123 quu-

309 3153 378 3195 rurn
401 3131 535 3213 quilibet
557 3129 658 3194 tribus
679 3129 791 3193 diebus
812 3131 844 3191 in
868 3130 1044 3192 ebdomade
1064 3133 1167 3194 ΧΗ,0ἱαὶ
1195 3132 1297 3213 pisces
1317 3131 1358 3194 od
1380 3129 1619 3214 longitudinem

308 3222 385 3302 ultre
406 3220 480 3283 dare
505 3219 600 3282 debet
622 3224 654 3282 et
674 3220 805 3301 insuper
824 3225 888 3281 tres
911 3239 1007 3281 ornus
1028 3218 1130 3281 nrcllis
1150 3223 1328 3286 anuuatiur:
1357 3219 1468 3282 Nouos
1484 3225 1515 3282 et
1531 3219 1623 3283 Red-

301 3312 404 3373 rluus
426 3331 498 3372 cum
520 3310 596 3372 filiis
627 3309 742 3372 cotidie
778 3308 895 3370 debent
924 3310 1051 3390 piscor-i:
1083 3309 1296 3384 Zlurrosouich
1330 3309 1460 3392 Hrepis,
1489 3309 1621 3376 Peneis.

309 3402 402 3462 tlozis
424 3399 598 3476 niellifiees
620 3399 728 3480 Begun
750 3398 882 3480 figulus,
904 3397 1041 3474 Kursuu,
1064 3402 1228 3462 llozsteret
1248 3418 1321 3460 cunr
1344 3400 1425 3461 sotio
1447 3399 1623 3462 mellificcs

309 3491 340 3551 in
355 3489 487 3571 llyznilr,
510 3489 605 3564 hren,
628 3490 682 3568 qui
705 3488 820 3550 cotidie
842 3486 936 3550 debet
956 3489 1084 3569 piscari,
1114 3489 1218 3550 (lenilr
1239 3495 1271 3551 et
1292 3488 1394 3551 llirelr
1417 3490 1515 3551 freter
1537 3491 1622 3556 eius.

313 3579 431 3656 l'iweu,
461 3577 556 3655 helie,
583 3577 758 3640 Nidonrislr.
779 3577 952 3654 canrerurii,
975 3577 1094 3656 'Penoln
1116 3577 1291 3656 Milesium,
1314 3580 1430 3660 Aguzo,
1451 3579 1623 3641 Juhunnes

308 3687 418 3744 cricus3
451 3667 633 3728 Zhremirus
665 3667 752 3728 dedit
782 3673 853 3748 post
888 3673 1018 3728 nrortern
1051 3686 1141 3729 suern
1170 3667 1278 3730 uillam
1308 3665 1495 3730 Zscomelin.
1545 3667 1622 3730 Hec

310 3757 415 3818 omnia
442 3775 499 3836 ego
524 3755 693 3817 Heinricus
720 3756 976 3837 archiepiscopus
1002 3761 1033 3818 et
1061 3776 1119 3837 ego
1146 3757 1309 3818 Arnoldus
1335 3756 1566 3818 Pozneniensis
1590 3767 1623 3818 et·

309 3865 419 3928 onmes
460 3844 513 3906 ulii
550 3845 679 3924 l'uluuie
717 3846 856 3927 episcopi
899 3845 957 3906 sub
1001 3847 1321 3908 exconmunicutione
1363 3847 1498 3908 firmiter
1539 3866 1624 3908 con-

310 3937 515 3996 tinuavimus.
558 3933 615 4002 ¹Ut
646 3955 721 4014 ergo
757 3935 814 3996 hec
849 3935 955 3996 omniu
987 3944 1055 3996 ratu
1086 3944 1117 3996 et
1146 3937 1178 3996 in
1207 3942 1395 4016 perpetuum
1425 3937 1623 3998 inconvulse

309 4033 530 4106 permaneant.
572 4031 751 4110 presentem
793 4025 940 4107 peginam
983 4025 1099 4086 exinde
1136 4024 1347 4106 conscriptam
1387 4023 1482 4106 sigilli
1514 4029 1624 4088 nostri

310 4120 341 4176 ct
383 4113 575 4195 principum,
617 4133 722 4175 corum
766 4112 882 4192 quibus
923 4113 981 4174 hec
1022 4114 1106 4174 lucta
1146 4119 1228 4182 suut.
1271 4114 1467 4195 inpressione
1508 4115 1624 4196 signe-

312 4205 414 4265 rimus
451 4210 482 4264 et
519 4203 661 4282 ydoneos
697 4209 792 4264 testes
832 4201 1049 4270 adhibuimus,
1090 4221 1225 4282 quorunr
1264 4205 1391 4264 nomine
1428 4203 1484 4264 hec
1523 4213 1624 4267 sunt:

312 4291 481 4356 Heinricus
514 4293 768 4374 archiepiscopus
801 4293 1024 4368 linezinensis,
1062 4291 1224 4354 Amoldus
1258 4294 1425 4376 episcopus
1459 4293 1626 4357 Poznuni-

310 4383 411 4460 ensis,
454 4383 485 4443 in
527 4383 618 4444 curius
659 4383 776 4444 diocesi
818 4383 897 4443 situs
938 4387 986 4443 est
1017 4382 1122 4453 locus,
1162 4381 1351 4444 Uineentius
1382 4383 1629 4452 Crucouiensis.

310 4469 412 4534 (letho
436 4471 611 4549 Plocensis,
641 4471 829 4533 Laurentius
850 4470 1138 4548 Wratizleuiensis,
1162 4470 1276 4532 (terius
1298 4470 1509 4546 Quiauiensis.
1530 4471 1627 4536 Lau-

310 4562 432 4623 rentius
446 4559 801 4642 Luhusensisepiscopi,
820 4559 1026 4642 Boguchalus
1043 4560 1082 4623 de
1094 4561 1255 4638 t'racouie,
1277 4559 1397 4640 Symen
1414 4561 1454 4624 de
1464 4561 1630 4646 leusitie,
