3402 5152
608 431 814 494 urard-417.
835 439 910 495 1306.
1362 437 1413 495 393

113 591 246 674 prietatis
281 593 349 654 sine
386 592 609 675 cuiuscunque
639 593 840 674 impeticione
878 591 929 654 vel
961 593 1145 674 gravamine
1179 594 1416 676 imperpetuum

111 681 321 764 possidendos.
367 681 408 744 Ut
435 687 542 745 autem
563 683 620 746 hec
644 689 752 746 nostra
773 683 905 746 donacio
926 703 945 744 a
964 682 1055 770 npllo
1079 683 1110 744 in
1133 689 1292 766 posterum
1315 684 1415 766 possit

111 774 237 850 irritari,
265 774 404 856 presenti
425 774 539 856 pagine
560 773 599 836 ad
618 771 812 836 evidenciam
832 778 920 854 geste
941 774 986 835 rei
1010 779 1116 835 nostra
1137 773 1240 852 sigilla
1261 773 1414 836 duximus

111 863 301 946 apponenda.
344 861 451 926 Testes
482 870 558 926 sunt
586 863 682 926 huius
708 863 775 926 rei‘¹
797 862 963 926 Geltradus
986 861 1150 946 pinguim,
1172 862 1339 926 Gelfradus
1360 862 1414 924 ad·

110 959 238 1016 vocatus
269 955 302 1016 in
337 951 638 1036 Eukehardesbergf,
674 951 846 1016 Heinricus
876 953 914 1016 de
944 952 1136 1035 Steinburglr
1169 959 1200 1016 et
1228 953 1281 1016 alii
1317 972 1411 1035 quam

110 1044 214 1126 plures
235 1043 297 1107 fide
317 1043 413 1124 digni.
457 1041 575 1108 Datum
599 1062 683 1106 anno
704 1043 825 1106 domini
847 1051 983 1107 ΜΟΟΟΟο
996 1053 1046 1122 vi,
1067 1043 1139 1108 idus
1161 1041 1243 1106 Maii.

176 1179 298 1236 'tenuit
315 1179 375 1231 iure
392 1177 495 1232 feodali
515 1177 545 1232 D
615 1167 628 1204 ¹³
647 1177 737 1232 dictos
756 1177 785 1232 D
857 1177 1053 1232 ‘'electuml'
1109 1168 1224 1231 “huius
1244 1177 1280 1232 rei
1300 1175 1414 1230 suntD

109 1261 118 1286 ⁸
134 1259 249 1331 pinguia
266 1257 295 1312 D
367 1249 547 1330 ‘echimherg
568 1257 598 1312 D

637 1377 888 1391 .,.-.-.--.-,--.--

111 1437 225 1522 tace.
253 1434 414 1516 ttrulss.
1327 1435 1413 1516 417.

125 1609 128 1616 ,
194 1571 299 1637 Utricb
326 1569 464 1652 Biscbof
479 1591 538 1634 cort
562 1566 752 1652 Naumburp
776 1573 916 1650 bestdtipt
942 1575 1035 1636 auter
1063 1573 1285 1650 Zustimmunp
1316 1571 1416 1634 scieas

147 1661 364 1742 Doaraltapitels
398 1662 488 1725 ainau
518 1663 669 1726 cwischcn
699 1663 768 1726 dea
803 1663 1038 1728 Srbutatucister
1066 1664 1169 1726 seiuar
1192 1662 1313 1724 Kircbe
1348 1661 1417 1724 uad

148 1755 218 1816 dom
247 1753 370 1816 Klostcr
399 1751 509 1833 Psorte
538 1751 804 1832 abpcscblcssmzeu
835 1753 971 1830 thuscia,
998 1753 1097 1816 durch
1122 1751 1254 1816 melchae
1282 1752 1417 1816 latetmes

149 1843 279 1924 2Hbfe
304 1845 338 1906 ira
361 1841 524 1908 Rusicade
546 1843 645 1906 abab
670 1845 739 1906 urad
760 1845 850 1908 cinea
871 1843 950 1906 Zias
974 1863 1033 1906 cort
1059 1847 1082 1907 2
1104 1841 1217 1923 Ργὶιηά
1239 1839 1416 1922 Pfeuuipeu
1512 1890 1519 1904 .

148 1935 182 1996 iu
212 1935 267 1996 der
295 1932 519 2013 Nauraburper
547 1933 680 2011 Mittere,
709 1936 770 1998 dere
798 1953 830 1997 es
857 1954 915 1996 vora
945 1932 1051 1997 lllriclr
1078 1933 1180 1996 liittcr
1201 1951 1259 1996 coo
1282 1933 1415 1996 Geatsuu

143 2025 277 2105 pebuutl
297 2023 361 2100 but,
383 2023 438 2086 der
453 2023 610 2088 Kastodte
630 2025 683 2088 des
700 2023 923 2103 Nuumburper
934 2024 1026 2105 stips
1045 2023 1206 2100 tiberldsst,
1228 2025 1297 2086 aad
1316 2025 1417 2102 elucet

145 2115 215 2179 dem
238 2114 434 2179 Kbrsterdie
452 2115 559 2178 beiden
584 2115 664 2195 Hbfe
684 2134 733 2180 au.

258 2241 393 2297 Haaaar..·
413 2239 493 2296 D61.
516 2242 540 2294 T
547 2245 607 2297 189.

257 2333 370 2389 mace.-
389 2333 523 2388 Deutacb:
548 2335 632 2403 Wolff
645 2335 686 2401 Π,
704 2337 764 2388 317.
808 2333 863 2402 Vpl.
884 2351 906 2388 a.
919 2334 1067 2403 mameae
1080 2338 1145 2388 Ι164.

187 2457 255 2522 Nos
278 2457 405 2522 Vlricus
435 2458 484 2524 dei
517 2460 622 2541 gracia
644 2459 773 2522 ecclesie
794 2457 1057 2542 Nuenburgensis
1077 2460 1244 2542 episcopus
1265 2460 1415 2522 omnibus

101 2549 223 2612 Christi
246 2547 393 2612 fidelibus
413 2549 445 2611 in
469 2557 666 2632 perpetuum.
709 2549 867 2625 Quoniam
895 2549 1070 2613 litterarum
1100 2550 1204 2632 apices
1225 2569 1288 2611 nou
1310 2550 1413 2612 solum

100 2659 216 2702 rerum
245 2643 405 2722 gestarum
438 2642 551 2703 seriem
582 2644 785 2723 perpetuant,
813 2658 925 2702 verum
952 2641 1045 2703 etiam
1078 2639 1186 2703 licium
1215 2639 1245 2702 et
1271 2659 1414 2704 errorum

99 2732 275 2794 materiam
297 2735 466 2813 precaveat
486 2737 518 2794 et
538 2730 722 2810 excludunt,
743 2730 817 2792 hinc
839 2736 895 2810 cst,
923 2729 1007 2813 quod
1030 2730 1067 2792 ad
1090 2729 1237 2792 noticiam
1259 2734 1323 2792 tam
1346 2749 1415 2814 pre-

97 2822 252 2884 sencium
276 2841 371 2904 quam
392 2821 574 2884 futurorum
596 2828 703 2885 tenore
725 2822 925 2904 presencium
953 2821 1102 2902 cupimus
1122 2820 1300 2904 pervenire,
1330 2819 1414 2902 quud

96 2912 243 2974 dilectus
273 2912 305 2973 in
334 2909 456 2975 Christo
482 2910 652 2976 Erufridus
679 2917 785 2976 nostre
814 2912 944 2974 ecclesie
976 2911 1191 2974 thesaurarius
1217 2911 1296 2975 duas
1326 2928 1415 2972 areas

93 3005 183 3066 sitas
207 3003 240 3063 in
263 3001 483 3064 villaRostwiz
505 3011 602 3066 XXX*
623 3007 654 3065 et
675 3008 738 3065 tres
760 3001 875 3066 solidos
897 3001 1097 3064 denariorum
1111 2999 1413 3080 Nuenburgensium

92 3092 275 3155 annuatim
307 3092 465 3156 solventes
496 3093 580 3175 apud
615 3091 781 3154 dominum
810 3090 1037 3156 Theodericum
1075 3091 1220 3154 abbatem
1253 3091 1291 3153 de
1321 3089 1416 3152 Porta

91 3183 301 3266 permutavit
328 3201 384 3265 pro
410 3181 537 3245 duobus
564 3183 690 3246 talentis
711 3183 911 3245 denariorum
934 3181 1078 3266 perpetui
1099 3199 1214 3243 census
1233 3183 1265 3242 iu
1289 3189 1416 3242 moneta

90 3271 299 3355 usenberg,
341 3291 404 3355 que
434 3273 562 3356 quidem
594 3272 712 3336 talenta
741 3273 804 3334 duo
835 3291 907 3336 cum
930 3271 1059 3336 Vlricus
1091 3273 1182 3334 miles
1212 3271 1250 3333 de
1279 3271 1415 3333 Girsowe
1444 3313 1446 3318 ,

87 3363 210 3427 fidelis
239 3369 346 3425 noster
370 3364 498 3424 domiuo
525 3361 630 3424 abbati
661 3363 700 3424 de
720 3361 815 3426 Porta
841 3363 980 3445 predicto
1002 3361 1211 3439 vendidisset,
1239 3361 1277 3423 ad
1300 3379 1415 3424 ananus

86 3461 232 3518 nostras
253 3452 362 3515 eadem
383 3451 481 3516 libore
500 3453 680 3534 resignavit,
701 3471 737 3515 eo
760 3453 844 3534 quod
867 3474 885 3516 a
906 3452 998 3516 nobis
1012 3453 1175 3516 feodaliter
1193 3451 1413 3534 dependerent.

86 3541 210 3606 Nobis
237 3559 311 3604 vero
342 3541 475 3604 huiusce
503 3541 587 3604 modi
607 3543 819 3624 resignatione
839 3543 922 3606 facta
942 3548 973 3606 et
993 3544 1224 3626 permutatione
1245 3540 1415 3605 rationabi-

81 3635 169 3697 liter
203 3630 311 3694 hahita
337 3631 488 3695 domiuus
515 3631 613 3696 abbas
639 3633 677 3695 de
699 3631 794 3695 Porta
821 3640 852 3696 et
876 3633 1046 3696 Ernlridus
1072 3633 1183 3717 prefati
1209 3631 1248 3694 ad
1275 3637 1414 3694 nostram

82 3722 305 3807 presenciam
327 3722 490 3786 venientes
510 3721 671 3804 rogabant
692 3729 728 3786 ut
748 3723 866 3787 factum
887 3723 1040 3788 ratificare
1063 3723 1230 3800 vellemus,
1257 3723 1299 3784 itu
1323 3721 1415 3784 dum·

79 3819 213 3887 taxat,
245 3811 328 3893 quod
360 3829 448 3874 areas
482 3811 561 3875 duas
590 3814 624 3874 in
654 3811 823 3876 Rostewita
852 3819 1005 3898 protectas
1035 3815 1068 3876 in
1104 3814 1255 3877 ditionem
1286 3811 1416 3874 ecclesie

81 3902 274 3966 Portensis
303 3900 528 3966 transfundere
554 3901 772 3983 dignaremur,
802 3905 1021 3986 proprietatem
1050 3922 1124 3966 vero
1152 3903 1287 3965 duorum
1317 3900 1415 3964 talen·
1520 3919 1525 3930 ·

77 4001 213 4058 torum
239 3995 416 4073 emptorum
439 3993 473 4053 in
497 4000 624 4055 moneta
644 4013 663 4054 a
684 3993 812 4055 domino
831 3993 943 4056 abbate
964 4013 1055 4058 versa
1069 3991 1415 4076 viceNuenburgensi⁸

76 4081 253 4148 custodie
275 4082 475 4146 donaremus.
507 4081 573 4145 Nos
589 4083 687 4166 igitur
706 4083 838 4147 utihtate
855 4083 1024 4166 utrobique
1041 4085 1237 4148 considerata
1260 4087 1416 4146 nostram-

74 4193 152 4260 que
192 4177 319 4255 partem
348 4172 381 4233 in
410 4173 498 4236 nullo
527 4172 742 4237 defraudatam
764 4193 875 4236 eorum
896 4174 1042 4257 precibus
1063 4175 1205 4238 faventes
1227 4174 1306 4237 duas
1326 4193 1415 4237 areas

73 4263 297 4351 prescriptae
328 4281 401 4325 cum
429 4265 513 4324 omui
547 4264 628 4340 iure,
666 4265 813 4343 utilitate,
850 4263 1005 4342 dominio,
1038 4265 1121 4326 sicut
1146 4271 1254 4328 nostra
1285 4264 1416 4326 ecclesia

72 4360 262 4422 hactenus
291 4351 412 4428 habuit,
439 4355 574 4434 presenti
604 4355 720 4437 scripto
744 4353 937 4418 conferimus
958 4359 989 4418 et
1009 4355 1248 4437 appropriamus
1270 4351 1415 4416 Portensi

70 4444 240 4513 ecclesie
270 4447 420 4524 perpetuo
452 4443 665 4525 possidendas.
722 4443 840 4507 Verum
875 4464 950 4508 cum
981 4444 1104 4507 collatio
1135 4444 1277 4508 custodie
1309 4447 1415 4507 nostre
1458 4456 1460 4462 '

69 4533 240 4605 ecclesie
260 4531 287 4594 N
293 4530 524 4614 uerrhurgensis
544 4533 583 4596 ad
606 4553 664 4596 nos
686 4535 840 4616 pertinere
862 4534 1059 4614 dinoscatur,
1088 4533 1163 4598 huic
1191 4534 1415 4618 permutationi

71 4633 171 4694 bene
216 4621 327 4686 habite
358 4622 557 4706 presentibus
576 4627 735 4688 'nostrum
775 4643 966 4688 consensum
1005 4625 1202 4688 ostendimus
1238 4624 1415 4687 accessisse.
