3442 5148
661 401 712 462 Nr.
724 403 749 460 6.
771 401 847 461 1144.
1376 402 1409 456 18

111 553 203 618 dorda
221 553 291 617 ἄνεί
311 554 387 618 lacre
411 551 517 617 Ζειῖθη
535 553 692 634 parerent:

184 647 207 720 †
229 646 296 728 Ego
320 645 515 710 Octouiauus
537 645 691 706 diaconus
712 641 883 704 cardinalis
904 642 1004 704 sancti
1026 640 1150 705 Nicolai
1171 641 1204 704 in
1226 661 1353 707 carcere
1368 665 1408 708 ss.

183 734 295 816 †Ego
317 735 421 798 Guido
443 739 554 815 sancte,
574 733 716 798 Romane
738 732 871 794 ecclesie
893 731 1047 794 diacorum
1067 731 1238 794 cardinalis
1258 753 1297 795 ss.

183 823 266 888 Data
285 824 433 888 Laterani
460 843 517 908 per
540 843 672 886 manum
701 822 835 886 Gerardi
860 827 968 884 sancte
996 819 1143 902 Romane
1169 822 1306 902 ecclesie
1338 843 1409 906 pre·

111 913 212 977 sbiteri
233 913 405 977 cardinalis
425 919 457 977 et
484 912 714 976 bibliothecarii
741 920 794 974 XV
825 911 977 974 kalendas
1006 909 1142 992 Aprilis,
1171 911 1344 976 indictione
1375 923 1409 989 v,

110 1004 331 1066 incarnationis
362 1003 520 1066 dominice
552 1021 636 1064 anno
668 1011 714 1064 M⁰
726 1001 918 1078 C⁰XL⁰]⁰,⁴
950 1001 1154 1082 pontificatus
1185 1019 1260 1064 vero
1288 1002 1407 1065 domini

110 1091 282 1156 innocentii
305 1103 331 1156 Π
352 1111 432 1176 pape
454 1112 538 1156 anno
558 1101 655 1155 XH10.

227 1203 319 1270 Orbis
333 1203 529 1286 malleolis
547 1203 616 1268 aad
638 1202 857 1284 Monopramm
876 1204 935 1267 wie
953 1204 989 1266 io
1011 1201 1071 1270 Nr.
1089 1207 1119 1269 2.

148 1389 158 1402 „
175 1321 183 1358 ¹
203 1321 263 1376 Zur
280 1321 398 1375 eulmen
411 1321 598 1390 Bestimmonp
615 1319 698 1374 dieses
715 1319 822 1374 Waldes
839 1320 887 1386 apl.
906 1337 1000 1374 casser
1018 1321 1070 1374 Nr.
1087 1325 1103 1374 4
1121 1323 1285 1376 nomettlich
1303 1323 1355 1379 Nr.
1367 1329 1407 1379 14.

109 1401 119 1438 ²
140 1401 206 1454 Uber
221 1401 347 1471 Wieoupe
363 1401 421 1455 ond
436 1401 590 1470 Wisparabo
608 1401 656 1469 apl.
669 1399 830 1465 Nemas.
868 1397 882 1436 ³
900 1399 957 1454 Der
977 1399 1112 1454 &breilm
1130 1417 1180 1454 von
1198 1400 1228 1454 D
1245 1403 1359 1457 ommia
1374 1421 1409 1457 aa

107 1480 153 1534 dot
174 1482 284 1535 Wortm
300 1481 329 1535 in
350 1481 443 1536 Viune
461 1511 496 1520 -
516 1495 660 1534 cansarum
678 1495 723 1532 am
742 1478 853 1532 Βαναίας
873 1477 948 1532 Nota
966 1479 1021 1532 ista
1039 1480 1134 1533 omnia
1151 1496 1210 1534 esse
1227 1489 1408 1538 commutata.

106 1559 117 1596 ⁴
135 1559 308 1614 Flormtiw
325 1561 532 1629 Zdbaelmmap.

108 1741 215 1821 1144.
244 1741 378 1842 [litim
394 1737 800 1840 ta—septembar.¹]
828 1737 1052 1835 Bamborg.
1367 1741 1406 1822 6.

181 1877 287 1956 Kdaip
307 1875 444 1939 Koarad
464 1874 528 1938 ΙΙΙ.
552 1873 650 1956 eipnet
667 1873 736 1936 dem
757 1871 884 1936 Kloster
904 1873 1011 1954 Psorta
1031 1873 1089 1934 dos
1111 1869 1199 1955 Dors
1210 1871 1415 1957 Hecbcndorf

141 1974 193 2043 su,
212 1965 336 2029 welcbes
353 1963 490 2029 doaselbe
509 1961 707 2026 fooscbwei-sc
725 1963 783 2044 fair
803 1967 842 2026 11
852 1962 962 2045 llatae
974 1963 1009 2024 ia
1021 1959 1171 2027 Droitacn
1189 1963 1258 2026 aad
1269 1963 1410 2047 illusere

142 2055 440 2210 ppwgpstmewptptoon
466 2055 535 2120 dea
555 2052 748 2134 tentatum
771 2051 1006 2116 Ministariolen
1035 2051 1129 2131 Hupo
1155 2073 1213 2116 oon
1237 2053 1410 2118 Priassaita

254 2263 384 2318 Hdscbm
403 2252 475 2317 D9l'
487 2263 540 2326 (tit.
551 2260 758 2332 Hechendorp).
773 2251 884 2317 T294b.
914 2261 1092 2328 Tramsumpt
1110 2260 1155 2314 des
1173 2260 1295 2330 stopatea
1311 2260 1410 2316 Vofrad

304 2359 361 2396 vom
371 2342 565 2396 Moritzbloatcr
573 2358 608 2394 aa
616 2339 930 2410 Noumborpo..l.1347.
953 2339 1032 2393 Miirz
1046 2344 1087 2394 12.
1107 2339 1181 2408 Perp.
1193 2339 1239 2410 Sp.
1251 2341 1410 2410 bsacbcidipl.

301 2419 471 2476 naama
482 2419 520 2477 a.
534 2422 566 2473 A.
578 2419 629 2478 Nr.·
641 2423 682 2474 57.
703 2419 755 2488 (ν)

254 2527 378 2582 Druolce:
399 2527 509 2592 Bdbme,
531 2525 707 2593 Todtboiltmp
724 2529 767 2586 39.
787 2525 916 2580 Deutscb:
946 2524 1110 2592 Wotfftoe.
1137 2524 1192 2594 Vpl.
1205 2525 1319 2580 Partuob
1329 2526 1355 2594 I,
1365 2531 1408 2581 93.

305 2605 557 2662 Baiocascaamet
576 2605 601 2672 I,
623 2609 665 2660 59.
685 2603 805 2660 Schultess
824 2605 867 2671 II,
887 2609 928 2660 52.
953 2605 1070 2658 Bdbmer
1087 2605 1228 2662 Nastae.
1257 2606 1408 2660 alteiam

303 2687 448 2740 steini-fo.
475 2683 770 2754 Ood.dapl.Anbolt.I‚
784 2689 845 2742 224,
872 2703 893 2737 o.
906 2685 1078 2738 Moti-erstem
1089 2684 1113 2750 Ι,
1131 2684 1182 2739 Nr.
1191 2686 1266 2737 1185.
1296 2684 1412 2755 Stumps

303 2765 355 2820 Nr.
367 2767 447 2820 3469.
467 2765 631 2826 Bembordi,
650 2763 766 2818 Koorad
784 2763 844 2822 ΙΙΙ,
863 2769 922 2821 375.
942 2763 1002 2820 Cat.
1014 2763 1078 2832 dipl.
1090 2767 1154 2817 Sum
1164 2780 1215 2832 rep.
1226 2763 1251 2831 I,
1263 2763 1305 2830 II,
1317 2765 1374 2820 117.

182 2890 235 2953 0¹.
270 2889 309 2952 In
334 2889 464 2952 nonriue
497 2893 605 2951 sancte
636 2893 667 2950 et
696 2887 861 2950 individue
892 2887 1049 2950 trinitatis.
1102 2885 1271 2950 Ounradus
1302 2887 1410 2950 divina

107 2979 231 3042 favente
260 2977 429 3042 clementia
459 2977 675 3040 Romanorum
708 2997 766 3039 rer
796 2977 964 3039 secundus.
1021 2975 1055 3038 Si
1084 2995 1260 3058 pauperum
1292 2976 1409 3040 Christi

107 3069 346 3132 necessitatibus
366 3071 418 3151 pie
440 3067 655 3148 conpatimur,
684 3067 711 3129 si
731 3065 858 3128 illorum
878 3064 1067 3128 utilitatibus
1093 3065 1267 3128 efficaciter
1295 3085 1410 3130 consu-

108 3156 214 3237 limus,
236 3164 473 3222 antecessortun
495 3156 643 3238 exempla
664 3155 829 3236 sequendo
851 3163 997 3218 tenemus
1018 3161 1050 3217 et
1070 3155 1104 3216 id
1124 3155 1218 3218 nobis
1239 3156 1278 3218 ad
1301 3162 1410 3219 eterne

109 3249 166 3310 n'ta
188 3247 418 3310 beatitudinem
445 3245 687 3329 promerendam
716 3263 781 3308 non
805 3245 998 3323 diffidimus,
1029 3245 1087 3306 hoc
1120 3245 1174 3326 qui
1200 3245 1410 3309 adtendentes

109 3356 160 3417 pro
181 3338 323 3401 remedio
346 3338 451 3399 anime
469 3343 576 3400 nostre
598 3355 657 3398 nec
679 3355 742 3398 non
765 3337 860 3398 etiam
881 3340 1049 3417 parentum
1071 3340 1252 3398 nostrorum
1276 3335 1410 3398 ecclesie

109 3427 144 3489 ds
166 3428 262 3491 Porta
282 3435 315 3492 ct
334 3427 485 3490 fratribus
508 3426 587 3488 inibi
609 3426 687 3488 deob
713 3425 942 3489 famulantibus
963 3424 1152 3488 tradidimus
1170 3423 1303 3488 consilio
1324 3425 1411 3508 prin-

108 3517 210 3599 cipum
228 3518 287 3581 sub
306 3517 408 3598 tytulo
427 3515 605 3580 concambii
621 3515 728 3578 villam
742 3515 903 3597 quandam
914 3513 1166 3596 Ηθοίιθηάοη)02
1184 3523 1409 3597 nuncupatam,

109 3605 139 3666 in
160 3627 239 3689 pago
260 3607 454 3688 Thunngiat
473 3607 575 3686 sitam,
596 3606 635 3670 ab
646 3607 782 3686 vaone
807 3605 845 3668 de
861 3604 1064 3668 Brisenizo⁰³
1085 3604 1284 3668 ministeriali
1300 3614 1409 3668 nostro

109 3695 204 3776 regali
222 3698 311 3779 prius
340 3695 498 3759 beneficio
526 3715 717 3779 possessam,
751 3699 909 3776 quatenus
939 3698 1134 3757 coutantur
1159 3693 1192 3756 in
1223 3695 1348 3776 mtegra
1379 3700 1411 3757 ot

110 3793 257 3867 perpetua
276 3785 468 3868 proprietate
491 3803 564 3848 oum
581 3783 728 3848 ormribus
750 3784 924 3846 attinentiis
940 3783 1015 3858 suis,
1037 3782 1186 3845 videlicet
1200 3783 1292 3864 agris,
1313 3783 1410 3866 pratis

110 3881 275 3938 etnemore
297 3874 520 3952 contermina,r
540 3873 634 3938 cultis
655 3881 687 3936 et
705 3873 846 3950 incultis
867 3873 928 3936 viis
945 3879 976 3935 et
991 3873 1087 3934 inviis
1104 3872 1255 3953 omnique
1266 3871 1410 3952 utilitate,

110 3981 168 4042 que
190 3965 308 4028 ibidem
330 3963 563 4046 presentialiter
584 3963 668 4026 etin
690 3969 852 4046 posterum
872 3962 1040 4044 provenire
1055 3967 1166 4044 potest.
1198 3961 1411 4024 Ooncedimus

109 4055 200 4116 etiam
221 4053 448 4137 perpetualiter
473 4054 506 4116 in
532 4053 719 4116 alimentum
748 4052 899 4135 gregibus
931 4071 1041 4114 eorum
1067 4053 1158 4134 iuges
1186 4071 1263 4114 usus
1293 4070 1410 4133 pascue

108 4143 139 4204 in
160 4144 317 4207 adiacenti
345 4149 451 4206 monte
476 4143 579 4206 Vinus
605 4149 637 4206 et
663 4141 805 4226 pascuali
834 4141 950 4225 palude
975 4141 1111 4204 inferius
1137 4142 1295 4223 contigua.
1336 4141 1411 4204 dam

110 4251 181 4295 vero
201 4235 392 4314 notandum,
421 4233 507 4314 quod
527 4234 611 4295 inter
637 4233 752 4296 fratres
773 4238 805 4295 et
824 4250 960 4313 regnum
980 4231 1051 4294 talis
1072 4231 1261 4294 constituoio
1283 4230 1410 4312 publice

111 4319 232 4386 laudata
251 4331 315 4398 est,
342 4331 378 4386 ut
397 4313 493 4406 Hugo
516 4342 573 4406 pro
595 4323 654 4386 hac
676 4322 751 4384 villa
770 4322 886 4385 habeat
905 4322 938 4383 in
961 4320 1154 4384 beneficium
1174 4319 1233 4383 sub
1253 4319 1411 4402 imperiali

111 4411 231 4477 decreto
251 4415 488 4496 imperpetuum
509 4413 697 4476 inconvulso
719 4421 772 4474 XV
792 4430 933 4487 manem,
960 4412 1015 4491 qui
1036 4419 1130 4474 antea
1147 4408 1299 4472 fratnbus
1320 4416 1412 4473 erant

112 4505 238 4585 proprii,
258 4513 300 4567 XI
319 4505 355 4565 in
376 4501 520 4567 Druioe⁴
540 4509 572 4566 et
592 4513 647 4567 lffl
669 4503 702 4564 in
725 4502 879 4578 stistinet,
906 4519 1042 4581 qtrorum
1064 4519 1147 4562 unus
1167 4501 1199 4564 ei
1219 4500 1410 4564 hereditario

113 4591 177 4656 iure
202 4595 293 4658 cedat
310 4615 368 4677 pro
390 4593 467 4672 alio,
494 4611 589 4676 quem
622 4595 654 4656 in
686 4593 757 4654 vico
779 4591 904 4675 prefixo
924 4589 1088 4673 proprium
1111 4595 1263 4652 tenuerat
1305 4589 1360 4652 Set
1380 4595 1412 4653 et
