3392 5150
296 375 348 430 270
676 367 904 426 Urlrundcnbuch
921 368 970 426 des
988 370 1113 426 Kloetera
1132 370 1236 429 Piorte.

298 542 360 606 que
382 527 538 604 geruntur
559 521 592 582 in
615 525 765 603 tempore,
788 521 884 584 dmul
906 521 1078 586 elabuntur
1092 531 1327 606 comtempore‚
1348 524 1408 588 nisi
1419 523 1590 588 testimonio

297 614 474 678 litterarum
497 611 534 674 ad
557 611 739 675 futurorum
762 611 911 674 noticiam
934 613 1174 692 transferantur,
1195 605 1314 678 idcirco
1325 617 1389 677 tam
1400 612 1590 698 presentibus

298 723 393 786 quam
414 702 532 764 futuris
553 706 663 763 notum
687 719 756 764 esse
779 699 926 764 volumus
947 703 1120 781 universis,
1143 702 1244 784 quod,
1270 721 1343 766 oum
1367 722 1424 766 nos
1445 722 1502 786 pro
1522 721 1589 765 oon·

296 797 399 857 tractu
424 791 592 855 cuiusdam
620 789 807 853 advocaciea
835 792 923 870 gravi
951 810 1047 856 onere
1074 811 1291 874 premeremur
1320 791 1514 870 debitum,
1540 792 1588 854 uth

296 902 356 947 nec
384 901 441 966 per
466 881 704 944 distractionem
732 878 899 943 mobilium
926 881 1098 944 velocium
1127 901 1184 964 per
1210 881 1460 946 subtractionem
1480 901 1588 944 usuum

296 971 542 1036 cottidianarum
569 969 795 1033 necessitatum
817 989 837 1030 a
858 970 941 1034 mole
963 977 1123 1035 tantorum
1147 972 1325 1036 debitorum
1350 972 1449 1035 eximi
1470 977 1502 1036 et
1521 991 1589 1035 exo·

297 1061 402 1124 nerari
423 1078 604 1143 possemus,
633 1057 762 1121 taudem
789 1057 1018 1124 deliberatione.
1045 1061 1251 1142 consiliisque
1281 1061 1392 1124 multis
1421 1060 1535 1124 habitis
1555 1061 1588 1122 de

296 1167 454 1213 consensu
465 1149 609 1210 vrnanimi
622 1148 662 1211 ad
679 1147 903 1211 alienationem
920 1149 1131 1214 immobilium
1147 1151 1348 1214 decrevimus
1363 1150 1589 1214 declinandrnn.

297 1237 443 1319 Cumque
479 1239 563 1300 inter
598 1237 704 1300 omnia
738 1237 913 1300 immobilia
945 1239 1060 1303 domus
1089 1246 1196 1304 nostre
1224 1241 1372 1304 alienatio
1402 1240 1481 1304 silve
1507 1241 1588 1302 iuxta

296 1328 405 1391 villam
436 1327 527 1390 Rode
558 1335 589 1390 et
622 1325 681 1390 alie
709 1326 784 1404 (sio)
816 1327 983 1392 cuiusdam
1014 1329 1107 1408 silve,
1143 1349 1205 1412 que
1236 1349 1293 1413 ger·
1324 1330 1453 1406 diciturq
1489 1334 1590 1392 contro

298 1417 447 1482 Gosteniz
479 1418 586 1481 minus
616 1416 790 1500 dampnosa
822 1417 1018 1482 iudicaretur
1044 1418 1083 1481 ab
1112 1418 1261 1483 omnibus
1289 1425 1353 1483 tam
1382 1419 1475 1482 uobis
1503 1437 1591 1500 quam

296 1509 398 1572 eciam
418 1507 629 1570 familiaribus
651 1507 768 1570 nostris
789 1507 908 1584 amicis,
929 1509 1046 1571 dictam
1068 1509 1180 1572 silvam
1202 1509 1294 1572 iuxta
1305 1509 1413 1572 villam
1426 1509 1592 1592 predictam

297 1598 386 1662 Rode
408 1617 469 1662 nec
492 1617 557 1660 non
579 1596 689 1674 aliam,
718 1615 779 1677 quc
809 1607 901 1678 geroc
923 1597 1067 1674 dicitur‘l
1089 1599 1219 1664 domino
1241 1599 1348 1662 abbati
1372 1605 1404 1662 et
1424 1599 1591 1662 conventui

297 1688 505 1752 Portensibus
528 1686 748 1750 Cisterciensis
769 1687 904 1755 ordinis.
928 1687 1192 1771 Nuenburgensis
1214 1689 1364 1768 diocesis,
1396 1689 1593 1752 vendidimus

297 1797 353 1860 pro
382 1787 438 1840 XX
464 1782 495 1840 at
522 1795 585 1838 una
614 1776 728 1838 marcis
754 1776 892 1856 argenti,
923 1793 1003 1857 quas
1038 1797 1096 1840 nos
1120 1779 1379 1862 recognoscimus
1404 1777 1594 1860 integraliter

300 1869 463 1952 recepisse.
511 1864 693 1928 Accedante
728 1865 841 1945 igitur⁰
868 1867 1012 1929 omnium
1038 1872 1183 1931 nostrum
1209 1867 1358 1932 concordi
1389 1867 1591 1930 connivencia

297 1964 328 2020 et
349 1975 507 2020 consensu
529 1955 752 2038 proprietatem
770 1973 844 2037 sepe
867 1955 1024 2018 dictarum
1045 1957 1199 2020 silvarum
1220 1957 1472 2020 contradidimus
1492 1954 1591 2017 abbati

296 2054 328 2109 et
356 2045 529 2109 conventui
550 2041 758 2106 Portensibus
784 2051 858 2107 ante
885 2044 978 2108 dictis
1008 2047 1185 2125 onmium,
1217 2045 1372 2121 dominio,
1399 2047 1593 2130 proprietate.

296 2137 504 2219 possessione,
527 2131 735 2216 proventibus
755 2143 786 2196 et
807 2133 997 2196 utilitatibus
1021 2134 1178 2214 omnibus,
1201 2155 1262 2217 que
1274 2135 1366 2200 nobis
1378 2134 1594 2218 competebant

296 2233 328 2289 et
356 2243 418 2305 que
445 2223 640 2286 habebamus
667 2223 701 2284 in
729 2223 821 2304 ipsis,
853 2241 915 2305 que
943 2243 1030 2288 nunc
1058 2230 1133 2288 sunt
1158 2234 1190 2289 et
1215 2226 1249 2288 in
1276 2233 1439 2309 posterum
1466 2231 1593 2307 possunt

297 2311 536 2395 quomodolibet
565 2311 746 2395 provenire.
781 2314 847 2375 sive
879 2313 909 2374 in
945 2315 1114 2397 superficie
1144 2321 1228 2378 terre
1255 2315 1318 2378 iam
1348 2320 1521 2398 appareant
1546 2310 1593 2374 vel

296 2403 552 2486 quibuscumque
578 2399 682 2463 modis
708 2402 802 2463 etiam
837 2403 870 2463 iu
899 2403 972 2464 irrris
992 2410 1075 2468 terre
1097 2405 1301 2487 apparuerint
1324 2404 1357 2465 in
1378 2403 1504 2480 biturc,
1524 2420 1592 2464 cunr

296 2495 348 2557 dei
374 2493 480 2574 quiete
510 2496 662 2573 perpetuo
692 2491 908 2572 possidendas.
951 2491 1053 2576 Super
1078 2494 1246 2558 evictionis
1267 2499 1299 2556 et
1319 2491 1504 2576 guarandis
1524 2509 1597 2553 cau-

295 2582 442 2646 oicnibus
470 2581 682 2663 predictorum
706 2581 847 2648 omnium
871 2582 1074 2645 venditorum
1096 2595 1128 2646 et
1148 2584 1400 2646 contraditorum
1421 2580 1595 2645 secundum

295 2681 378 2735 terre
404 2669 669 2734 consuetudinem
698 2670 873 2750 antiquitus
900 2670 1099 2735 observatam
1125 2691 1184 2736 nos
1210 2679 1242 2736 et
1261 2680 1406 2736 nostrum
1428 2670 1596 2735 cenobium

294 2761 496 2846 presentibus
518 2759 704 2841 obligamus.
746 2758 828 2822 Saue
857 2779 929 2822 curn
963 2781 1057 2844 supro
1085 2762 1170 2825 dicta
1197 2763 1333 2845 pecunia
1360 2761 1481 2826 utiliter
1507 2779 1599 2823 versa

296 2853 351 2914 sitf
370 2853 402 2912 in
426 2869 493 2913 rem
515 2856 672 2925 nostram,
695 2848 844 2912 videlicet
866 2852 897 2912 iu
921 2851 1171 2934 redemptionem
1195 2852 1365 2915 advocacie
1387 2850 1545 2913 bonorum
1568 2851 1598 2911 iu

298 2940 380 3004 villis
401 2939 558 3023 Vipoclre,
580 2937 746 3001 Eckestcte
775 2946 806 3002 et
827 2939 993 3003 Bacbstete
1021 2940 1207 3004 aConrado
1234 2943 1387 3024 pincerna
1416 2942 1456 3004 dc
1483 2938 1599 3002 Varila.

298 3041 331 3094 ut
358 3035 490 3092 tractata
517 3029 562 3092 sic
589 3028 825 3092 racionabiliter
851 3038 882 3092 ct
911 3038 1038 3113 peracta
1066 3039 1216 3114 perpetua
1243 3032 1394 3094 firmitate
1421 3031 1599 3094 ‹rondstant

297 3140 408 3184 secura
438 3127 548 3182 contra
576 3117 745 3182 oblivionis
766 3121 968 3183 incoruodurn
993 3127 1024 3184 et
1045 3121 1256 3184 cavillationis
1279 3128 1311 3184 et
1329 3119 1604 3204 interpretationis

297 3211 422 3273 sinistre
455 3208 647 3271 calumniam
674 3207 908 3289 detestandam,
940 3231 1036 3292 super
1067 3213 1113 3274 eis
1143 3221 1323 3293 presentem
1352 3211 1501 3293 paginam
1526 3229 1604 3273 con-

297 3301 445 3382 scriptam
482 3297 731 3380 appensionibus
769 3298 944 3382 sigillorum
983 3300 1113 3383 capituli
1150 3301 1279 3364 maioris
1316 3300 1451 3364 ecclesie
1490 3297 1606 3362 Nucu-

298 3389 466 3472 burgensis
492 3394 523 3450 et
553 3388 653 3450 nostri
682 3395 714 3451 ct
740 3396 917 3452 conventus
944 3391 1045 3452 nostri
1071 3391 1223 3453 iussimus
1250 3390 1457 3460 currimuniri,
1491 3395 1530 3451 ut
1566 3407 1604 3452 ex

298 3481 357 3543 hoc
387 3479 427 3540 sit
449 3479 544 3540 vivax
575 3479 727 3540 memoria
762 3487 793 3541 et
824 3480 1003 3562 perhennis.
1056 3483 1138 3542 Acta
1169 3487 1243 3543 sunt
1276 3481 1332 3542 bec
1363 3497 1448 3542 anno
1481 3478 1608 3542 domiui

297 3577 655 3646 M⁰co01mquvrrt⁰
679 3568 751 3630 idus
772 3569 867 3648 lunii,
885 3569 1060 3632 indictione
1085 3579 1179 3632 Vlllt
1220 3569 1328 3632 Huius
1350 3568 1395 3631 roi
1417 3573 1519 3648 testes
1533 3580 1608 3631 suut

298 3659 447 3722 dominus
470 3655 625 3719 Ludclfus
652 3657 780 3720 nraioris
806 3658 940 3720 eraclesis
960 3659 1155 3740 prepositus,
1183 3657 1421 3722 Kunemundus
1450 3656 1610 3724 decanus.

298 3747 461 3812 Arnoldus
484 3745 678 3824 scolasticus,
699 3744 846 3810 liutolfus
868 3747 907 3810 de
931 3747 1089 3811 direstetc
1111 3748 1285 3810 canonicus
1304 3745 1611 3828 Nuenburgensesss.

297 3838 457 3902 chrr'cus
486 3836 524 3898 de
547 3835 787 3918 Sclrcnouberg.
814 3837 1039 3916 Hep'donricus
1066 3837 1104 3900 de
1126 3835 1261 3900 Hcseler
1289 3835 1420 3914 nriliteS,
1448 3835 1613 3901 Albertus

298 3929 336 3990 dc
359 3925 516 4002 Gosteniz,
538 3925 703 3987 (lornadus
725 3925 810 3988 Shilc
832 3933 864 3988 et
884 3925 936 3988 alii
960 3947 1056 4008 quam
1077 3927 1184 4008 plures
1204 3925 1269 3988 fide
1292 3925 1388 4007 digni.

367 4057 560 4113 'aduocieD
642 4049 808 4113 hitautT
893 4059 979 4112 ‘tier
1001 4059 1024 4111 T
1109 4049 1373 4124 cldiciturselaltD
1445 4062 1571 4131 ‘ergo
1594 4061 1617 4113 l·

298 4130 360 4193 ‘sit
378 4139 446 4206 sablt
466 4139 491 4191 Τ
559 4137 764 4210 gNuenburgn
784 4137 841 4192 D'l'

821 4282 1069 4291 *ι*-
