<?xml version="1.0" encoding="UTF-8"?>
<!DOCTYPE html PUBLIC "-//W3C//DTD XHTML 1.0 Transitional//EN"
    "http://www.w3.org/TR/xhtml1/DTD/xhtml1-transitional.dtd">
<html xmlns="http://www.w3.org/1999/xhtml" xml:lang="en" lang="en">
 <head>
  <title>
</title>
<meta http-equiv="Content-Type" content="text/html;charset=utf-8" />
  <meta name='ocr-system' content='tesseract 3.04.00' />
  <meta name='ocr-capabilities' content='ocr_page ocr_carea ocr_par ocr_line ocrx_word'/>
</head>
<body>
  <div class='ocr_page' id='page_1' title='image "./urkundenbuchdes00pforgoog_0534.png"; bbox 0 0 3506 5148; ppageno 0'>
   <div class='ocr_carea' id='block_1_1' title="bbox 311 407 1246 472">
    <p class='ocr_par' dir='ltr' id='par_1_1' title="bbox 311 407 1246 472">
     <span class='ocr_line' id='line_1_1' title="bbox 311 407 1246 472; baseline -0.005 0"><span class='ocrx_word' id='word_1_1' title='bbox 311 414 363 472; x_wconf 76' lang='lat' dir='ltr'>bdb</span> <span class='ocrx_word' id='word_1_2' title='bbox 683 407 916 468; x_wconf 72' lang='lat' dir='ltr'>Urbundenbuch</span> <span class='ocrx_word' id='word_1_3' title='bbox 933 411 982 468; x_wconf 82' lang='lat' dir='ltr'>des</span> <span class='ocrx_word' id='word_1_4' title='bbox 1000 409 1125 468; x_wconf 84' lang='lat' dir='ltr'>Klosters</span> <span class='ocrx_word' id='word_1_5' title='bbox 1143 409 1246 467; x_wconf 77' lang='lat' dir='ltr'>Psorte.</span> 
     </span>
    </p>
   </div>
   <div class='ocr_carea' id='block_1_2' title="bbox 309 563 1616 1639">
    <p class='ocr_par' dir='ltr' id='par_1_2' title="bbox 309 563 1616 1639">
     <span class='ocr_line' id='line_1_2' title="bbox 311 563 1616 652; baseline -0.005 -17"><span class='ocrx_word' id='word_1_6' title='bbox 311 571 406 650; x_wconf 87' lang='lat' dir='ltr'>areis,</span> <span class='ocrx_word' id='word_1_7' title='bbox 434 568 532 652; x_wconf 89' lang='lat' dir='ltr'>agris,</span> <span class='ocrx_word' id='word_1_8' title='bbox 560 567 670 650; x_wconf 88' lang='lat' dir='ltr'>pratis,</span> <span class='ocrx_word' id='word_1_9' title='bbox 700 566 826 648; x_wconf 81' lang='lat' dir='ltr'>pascuis</span> <span class='ocrx_word' id='word_1_10' title='bbox 851 570 883 628; x_wconf 92' lang='lat' dir='ltr'>et</span> <span class='ocrx_word' id='word_1_11' title='bbox 910 564 1028 628; x_wconf 92' lang='lat' dir='ltr'>salictis</span> <span class='ocrx_word' id='word_1_12' title='bbox 1053 566 1086 626; x_wconf 92' lang='lat' dir='ltr'>in</span> <span class='ocrx_word' id='word_1_13' title='bbox 1113 565 1208 628; x_wconf 90' lang='lat' dir='ltr'>feudo</span> <span class='ocrx_word' id='word_1_14' title='bbox 1233 563 1388 628; x_wconf 84' lang='lat' dir='ltr'>habuistis</span> <span class='ocrx_word' id='word_1_15' title='bbox 1414 564 1464 628; x_wconf 91' lang='lat' dir='ltr'>vel</span> <span class='ocrx_word' id='word_1_16' title='bbox 1485 563 1616 645; x_wconf 88' lang='lat' dir='ltr'>habetis,</span> 
     </span>
     <span class='ocr_line' id='line_1_3' title="bbox 311 654 1616 734; baseline -0.003 -12"><span class='ocrx_word' id='word_1_17' title='bbox 311 658 484 724; x_wconf 86' lang='lat' dir='ltr'>venerabili</span> <span class='ocrx_word' id='word_1_18' title='bbox 506 655 774 720; x_wconf 88' lang='lat' dir='ltr'>dominoAlberto</span> <span class='ocrx_word' id='word_1_19' title='bbox 798 654 903 719; x_wconf 89' lang='lat' dir='ltr'>abbati</span> <span class='ocrx_word' id='word_1_20' title='bbox 924 673 983 718; x_wconf 91' lang='lat' dir='ltr'>uec</span> <span class='ocrx_word' id='word_1_21' title='bbox 1003 674 1066 717; x_wconf 89' lang='lat' dir='ltr'>non</span> <span class='ocrx_word' id='word_1_22' title='bbox 1090 675 1148 718; x_wconf 92' lang='lat' dir='ltr'>suo</span> <span class='ocrx_word' id='word_1_23' title='bbox 1171 657 1342 718; x_wconf 89' lang='lat' dir='ltr'>conventui</span> <span class='ocrx_word' id='word_1_24' title='bbox 1360 657 1411 734; x_wconf 86' lang='lat' dir='ltr'>[et]</span> <span class='ocrx_word' id='word_1_25' title='bbox 1424 657 1616 719; x_wconf 87' lang='lat' dir='ltr'>monasterio</span> 
     </span>
     <span class='ocr_line' id='line_1_4' title="bbox 310 745 1615 828; baseline -0.005 -13"><span class='ocrx_word' id='word_1_26' title='bbox 310 750 454 815; x_wconf 86' lang='lat' dir='ltr'>Portensi</span> <span class='ocrx_word' id='word_1_27' title='bbox 484 747 683 810; x_wconf 82' lang='lat' dir='ltr'>vendidimus</span> <span class='ocrx_word' id='word_1_28' title='bbox 713 765 768 828; x_wconf 93' lang='lat' dir='ltr'>pro</span> <span class='ocrx_word' id='word_1_29' title='bbox 792 751 877 808; x_wconf 87' lang='lat' dir='ltr'>certa</span> <span class='ocrx_word' id='word_1_30' title='bbox 905 745 1068 828; x_wconf 76' lang='lat' dir='ltr'>peccunia,</span> <span class='ocrx_word' id='word_1_31' title='bbox 1096 745 1285 826; x_wconf 88' lang='lat' dir='ltr'>generaliter</span> <span class='ocrx_word' id='word_1_32' title='bbox 1310 764 1404 809; x_wconf 90' lang='lat' dir='ltr'>omne</span> <span class='ocrx_word' id='word_1_33' title='bbox 1432 747 1498 826; x_wconf 92' lang='lat' dir='ltr'>ius,</span> <span class='ocrx_word' id='word_1_34' title='bbox 1530 745 1615 828; x_wconf 91' lang='lat' dir='ltr'>quod</span> 
     </span>
     <span class='ocr_line' id='line_1_5' title="bbox 310 834 1615 918; baseline -0.006 -13"><span class='ocrx_word' id='word_1_35' title='bbox 310 841 403 906; x_wconf 91' lang='lat' dir='ltr'>nobis</span> <span class='ocrx_word' id='word_1_36' title='bbox 429 847 459 902; x_wconf 91' lang='lat' dir='ltr'>et</span> <span class='ocrx_word' id='word_1_37' title='bbox 487 838 601 901; x_wconf 89' lang='lat' dir='ltr'>uostris</span> <span class='ocrx_word' id='word_1_38' title='bbox 631 837 799 900; x_wconf 90' lang='lat' dir='ltr'>heredibus</span> <span class='ocrx_word' id='word_1_39' title='bbox 825 836 858 897; x_wconf 90' lang='lat' dir='ltr'>in</span> <span class='ocrx_word' id='word_1_40' title='bbox 887 835 1036 917; x_wconf 83' lang='lat' dir='ltr'><strong>predictis</strong></span> <span class='ocrx_word' id='word_1_41' title='bbox 1063 835 1153 896; x_wconf 91' lang='lat' dir='ltr'>bonis</span> <span class='ocrx_word' id='word_1_42' title='bbox 1179 835 1384 917; x_wconf 78' lang='lat' dir='ltr'>competebat,</span> <span class='ocrx_word' id='word_1_43' title='bbox 1414 837 1448 898; x_wconf 93' lang='lat' dir='ltr'>in</span> <span class='ocrx_word' id='word_1_44' title='bbox 1479 834 1615 918; x_wconf 83' lang='lat' dir='ltr'>prefatos</span> 
     </span>
     <span class='ocr_line' id='line_1_6' title="bbox 309 923 1616 1007; baseline -0.005 -12"><span class='ocrx_word' id='word_1_45' title='bbox 309 931 452 995; x_wconf 78' lang='lat' dir='ltr'>abbatem</span> <span class='ocrx_word' id='word_1_46' title='bbox 482 934 514 990; x_wconf 90' lang='lat' dir='ltr'>et</span> <span class='ocrx_word' id='word_1_47' title='bbox 537 933 730 989; x_wconf 90' lang='lat' dir='ltr'>conventum</span> <span class='ocrx_word' id='word_1_48' title='bbox 756 925 895 1007; x_wconf 91' lang='lat' dir='ltr'>plenarie</span> <span class='ocrx_word' id='word_1_49' title='bbox 920 925 1154 988; x_wconf 78' lang='lat' dir='ltr'>transferentes,</span> <span class='ocrx_word' id='word_1_50' title='bbox 1195 923 1299 999; x_wconf 84' lang='lat' dir='ltr'>Quare</span> <span class='ocrx_word' id='word_1_51' title='bbox 1320 925 1409 988; x_wconf 85' lang='lat' dir='ltr'>vobis</span> <span class='ocrx_word' id='word_1_52' title='bbox 1430 927 1616 990; x_wconf 84' lang='lat' dir='ltr'>auctoritate</span> 
     </span>
     <span class='ocr_line' id='line_1_7' title="bbox 309 1013 1614 1099; baseline -0.005 -14"><span class='ocrx_word' id='word_1_53' title='bbox 309 1022 463 1085; x_wconf 79' lang='lat' dir='ltr'>duximus</span> <span class='ocrx_word' id='word_1_54' title='bbox 490 1016 736 1099; x_wconf 87' lang='lat' dir='ltr'>iniungendum,</span> <span class='ocrx_word' id='word_1_55' title='bbox 765 1020 922 1097; x_wconf 80' lang='lat' dir='ltr'>qrratenus</span> <span class='ocrx_word' id='word_1_56' title='bbox 948 1035 966 1078; x_wconf 89' lang='lat' dir='ltr'>a</span> <span class='ocrx_word' id='word_1_57' title='bbox 994 1014 1132 1097; x_wconf 85' lang='lat' dir='ltr'>predicte</span> <span class='ocrx_word' id='word_1_58' title='bbox 1158 1013 1285 1077; x_wconf 91' lang='lat' dir='ltr'>domine</span> <span class='ocrx_word' id='word_1_59' title='bbox 1315 1014 1427 1078; x_wconf 89' lang='lat' dir='ltr'>abbate</span> <span class='ocrx_word' id='word_1_60' title='bbox 1450 1021 1482 1080; x_wconf 90' lang='lat' dir='ltr'>et</span> <span class='ocrx_word' id='word_1_61' title='bbox 1509 1035 1528 1078; x_wconf 92' lang='lat' dir='ltr'>a</span> <span class='ocrx_word' id='word_1_62' title='bbox 1556 1035 1614 1078; x_wconf 93' lang='lat' dir='ltr'>suo</span> 
     </span>
     <span class='ocr_line' id='line_1_8' title="bbox 310 1105 1615 1191; baseline -0.006 -15"><span class='ocrx_word' id='word_1_63' title='bbox 310 1115 469 1176; x_wconf 80' lang='lat' dir='ltr'>conventu</span> <span class='ocrx_word' id='word_1_64' title='bbox 497 1107 636 1191; x_wconf 88' lang='lat' dir='ltr'>predicta</span> <span class='ocrx_word' id='word_1_65' title='bbox 662 1105 745 1167; x_wconf 89' lang='lat' dir='ltr'>bona</span> <span class='ocrx_word' id='word_1_66' title='bbox 771 1106 928 1188; x_wconf 89' lang='lat' dir='ltr'>recipiatis</span> <span class='ocrx_word' id='word_1_67' title='bbox 947 1107 980 1168; x_wconf 91' lang='lat' dir='ltr'>iu</span> <span class='ocrx_word' id='word_1_68' title='bbox 1002 1105 1132 1168; x_wconf 90' lang='lat' dir='ltr'>feudum</span> <span class='ocrx_word' id='word_1_69' title='bbox 1155 1111 1186 1167; x_wconf 92' lang='lat' dir='ltr'>et</span> <span class='ocrx_word' id='word_1_70' title='bbox 1208 1106 1356 1187; x_wconf 86' lang='lat' dir='ltr'>predictis</span> <span class='ocrx_word' id='word_1_71' title='bbox 1378 1107 1563 1189; x_wconf 81' lang='lat' dir='ltr'>homagium</span> <span class='ocrx_word' id='word_1_72' title='bbox 1585 1113 1615 1169; x_wconf 89' lang='lat' dir='ltr'>et</span> 
     </span>
     <span class='ocr_line' id='line_1_9' title="bbox 309 1194 1615 1280; baseline -0.004 -15"><span class='ocrx_word' id='word_1_73' title='bbox 309 1201 490 1266; x_wconf 81' lang='lat' dir='ltr'>fidelitatem</span> <span class='ocrx_word' id='word_1_74' title='bbox 512 1217 568 1280; x_wconf 92' lang='lat' dir='ltr'>pro</span> <span class='ocrx_word' id='word_1_75' title='bbox 588 1195 683 1259; x_wconf 83' lang='lat' dir='ltr'>leudo</span> <span class='ocrx_word' id='word_1_76' title='bbox 706 1196 802 1259; x_wconf 90' lang='lat' dir='ltr'>huius</span> <span class='ocrx_word' id='word_1_77' title='bbox 823 1196 909 1259; x_wconf 90' lang='lat' dir='ltr'>modi</span> <span class='ocrx_word' id='word_1_78' title='bbox 929 1195 1060 1260; x_wconf 81' lang='lat' dir='ltr'>faciatis.</span> <span class='ocrx_word' id='word_1_79' title='bbox 1094 1194 1175 1258; x_wconf 89' lang='lat' dir='ltr'>Nam</span> <span class='ocrx_word' id='word_1_80' title='bbox 1191 1214 1249 1258; x_wconf 88' lang='lat' dir='ltr'>nos</span> <span class='ocrx_word' id='word_1_81' title='bbox 1264 1215 1319 1278; x_wconf 87' lang='lat' dir='ltr'>pro</span> <span class='ocrx_word' id='word_1_82' title='bbox 1338 1195 1430 1260; x_wconf 89' lang='lat' dir='ltr'>nobis</span> <span class='ocrx_word' id='word_1_83' title='bbox 1450 1201 1481 1261; x_wconf 92' lang='lat' dir='ltr'>et</span> <span class='ocrx_word' id='word_1_84' title='bbox 1497 1199 1615 1261; x_wconf 88' lang='lat' dir='ltr'>nostris</span> 
     </span>
     <span class='ocr_line' id='line_1_10' title="bbox 309 1285 1614 1368; baseline -0.005 -12"><span class='ocrx_word' id='word_1_85' title='bbox 309 1289 478 1356; x_wconf 89' lang='lat' dir='ltr'>heredibus</span> <span class='ocrx_word' id='word_1_86' title='bbox 499 1288 726 1358; x_wconf 85' lang='lat' dir='ltr'>renunciamus</span> <span class='ocrx_word' id='word_1_87' title='bbox 747 1287 779 1347; x_wconf 90' lang='lat' dir='ltr'>iu</span> <span class='ocrx_word' id='word_1_88' title='bbox 803 1285 853 1348; x_wconf 92' lang='lat' dir='ltr'>his</span> <span class='ocrx_word' id='word_1_89' title='bbox 877 1287 1000 1368; x_wconf 89' lang='lat' dir='ltr'>scriptis</span> <span class='ocrx_word' id='word_1_90' title='bbox 1022 1286 1108 1348; x_wconf 90' lang='lat' dir='ltr'>omni</span> <span class='ocrx_word' id='word_1_91' title='bbox 1131 1287 1205 1365; x_wconf 92' lang='lat' dir='ltr'>iuri,</span> <span class='ocrx_word' id='word_1_92' title='bbox 1227 1288 1312 1368; x_wconf 90' lang='lat' dir='ltr'>quod</span> <span class='ocrx_word' id='word_1_93' title='bbox 1333 1286 1426 1350; x_wconf 91' lang='lat' dir='ltr'>nobis</span> <span class='ocrx_word' id='word_1_94' title='bbox 1445 1292 1476 1350; x_wconf 90' lang='lat' dir='ltr'>et</span> <span class='ocrx_word' id='word_1_95' title='bbox 1497 1289 1614 1351; x_wconf 89' lang='lat' dir='ltr'>nostris</span> 
     </span>
     <span class='ocr_line' id='line_1_11' title="bbox 310 1374 1613 1458; baseline -0.005 -12"><span class='ocrx_word' id='word_1_96' title='bbox 310 1380 479 1448; x_wconf 87' lang='lat' dir='ltr'>heredibus</span> <span class='ocrx_word' id='word_1_97' title='bbox 499 1379 533 1440; x_wconf 91' lang='lat' dir='ltr'>in</span> <span class='ocrx_word' id='word_1_98' title='bbox 555 1377 648 1440; x_wconf 92' lang='lat' dir='ltr'>bonis</span> <span class='ocrx_word' id='word_1_99' title='bbox 668 1375 765 1438; x_wconf 92' lang='lat' dir='ltr'>huius</span> <span class='ocrx_word' id='word_1_100' title='bbox 787 1375 872 1438; x_wconf 92' lang='lat' dir='ltr'>modi</span> <span class='ocrx_word' id='word_1_101' title='bbox 894 1375 1098 1458; x_wconf 85' lang='lat' dir='ltr'>competebat.</span> <span class='ocrx_word' id='word_1_102' title='bbox 1139 1374 1178 1438; x_wconf 91' lang='lat' dir='ltr'>In</span> <span class='ocrx_word' id='word_1_103' title='bbox 1206 1377 1300 1440; x_wconf 89' lang='lat' dir='ltr'>cuius</span> <span class='ocrx_word' id='word_1_104' title='bbox 1325 1378 1371 1439; x_wconf 88' lang='lat' dir='ltr'>rei</span> <span class='ocrx_word' id='word_1_105' title='bbox 1391 1377 1613 1440; x_wconf 85' lang='lat' dir='ltr'>certitudinem</span> 
     </span>
     <span class='ocr_line' id='line_1_12' title="bbox 309 1463 1614 1550; baseline -0.006 -14"><span class='ocrx_word' id='word_1_106' title='bbox 309 1477 452 1536; x_wconf 89' lang='lat' dir='ltr'>nostrum</span> <span class='ocrx_word' id='word_1_107' title='bbox 490 1466 629 1550; x_wconf 91' lang='lat' dir='ltr'>sigillum</span> <span class='ocrx_word' id='word_1_108' title='bbox 667 1464 866 1549; x_wconf 87' lang='lat' dir='ltr'>presentibus</span> <span class='ocrx_word' id='word_1_109' title='bbox 899 1472 947 1528; x_wconf 93' lang='lat' dir='ltr'>est</span> <span class='ocrx_word' id='word_1_110' title='bbox 979 1483 1162 1548; x_wconf 89' lang='lat' dir='ltr'>appensum.</span> <span class='ocrx_word' id='word_1_111' title='bbox 1212 1463 1330 1530; x_wconf 89' lang='lat' dir='ltr'>Datum</span> <span class='ocrx_word' id='word_1_112' title='bbox 1370 1485 1453 1529; x_wconf 87' lang='lat' dir='ltr'>anno</span> <span class='ocrx_word' id='word_1_113' title='bbox 1492 1465 1614 1530; x_wconf 91' lang='lat' dir='ltr'>domini</span> 
     </span>
     <span class='ocr_line' id='line_1_13' title="bbox 309 1554 1540 1639; baseline -0.005 -13"><span class='ocrx_word' id='word_1_114' title='bbox 309 1567 577 1634; x_wconf 79' lang='lat' dir='ltr'>M⁰OOCXXV111,</span> <span class='ocrx_word' id='word_1_115' title='bbox 598 1558 630 1618; x_wconf 92' lang='lat' dir='ltr'>in</span> <span class='ocrx_word' id='word_1_116' title='bbox 654 1556 704 1620; x_wconf 91' lang='lat' dir='ltr'>die</span> <span class='ocrx_word' id='word_1_117' title='bbox 726 1556 969 1638; x_wconf 84' lang='lat' dir='ltr'>Assumpcicnis</span> <span class='ocrx_word' id='word_1_118' title='bbox 991 1560 1099 1618; x_wconf 90' lang='lat' dir='ltr'>sancte</span> <span class='ocrx_word' id='word_1_119' title='bbox 1118 1554 1218 1618; x_wconf 85' lang='lat' dir='ltr'>Mario</span> <span class='ocrx_word' id='word_1_120' title='bbox 1239 1556 1375 1638; x_wconf 87' lang='lat' dir='ltr'>virginis</span> <span class='ocrx_word' id='word_1_121' title='bbox 1394 1556 1540 1639; x_wconf 87' lang='lat' dir='ltr'>gloriose.</span> 
     </span>
    </p>
   </div>
   <div class='ocr_carea' id='block_1_3' title="bbox 381 1686 1294 1758">
    <p class='ocr_par' dir='ltr' id='par_1_3' title="bbox 381 1686 1294 1758">
     <span class='ocr_line' id='line_1_14' title="bbox 381 1686 1294 1758; baseline -0.005 -12"><span class='ocrx_word' id='word_1_122' title='bbox 381 1695 389 1725; x_wconf 87' lang='lat'><strong>¹</strong></span> <span class='ocrx_word' id='word_1_123' title='bbox 415 1691 593 1746; x_wconf 79' lang='lat' dir='ltr'>Vermuthlicb</span> <span class='ocrx_word' id='word_1_124' title='bbox 612 1689 788 1743; x_wconf 75' lang='lat' dir='ltr'>terechrieben</span> <span class='ocrx_word' id='word_1_125' title='bbox 805 1689 854 1756; x_wconf 74' lang='lat' dir='ltr'>scir</span> <span class='ocrx_word' id='word_1_126' title='bbox 872 1687 1049 1742; x_wconf 86' lang='lat' dir='ltr'>Burchardus</span> <span class='ocrx_word' id='word_1_127' title='bbox 1095 1687 1150 1758; x_wconf 85' lang='lat' dir='ltr'>Vgl.</span> <span class='ocrx_word' id='word_1_128' title='bbox 1170 1686 1223 1743; x_wconf 81' lang='lat' dir='ltr'>Nr.</span> <span class='ocrx_word' id='word_1_129' title='bbox 1234 1691 1294 1742; x_wconf 75' lang='lat'><em>542.</em></span> 
     </span>
    </p>
   </div>
   <div class='ocr_carea' id='block_1_4' title="bbox 988 1869 1087 1878">
    <p class='ocr_par' dir='ltr' id='par_1_4' title="bbox 988 1869 1087 1878">
     <span class='ocr_line' id='line_1_15' title="bbox 988 1869 1087 1878; baseline -0.02 0"><span class='ocrx_word' id='word_1_130' title='bbox 988 1869 1087 1878; x_wconf 67' lang='lat'>-—..—</span> 
     </span>
    </p>
   </div>
   <div class='ocr_carea' id='block_1_5' title="bbox 309 1935 1612 2156">
    <p class='ocr_par' dir='ltr' id='par_1_5' title="bbox 309 1935 1612 2156">
     <span class='ocr_line' id='line_1_16' title="bbox 309 1935 1611 2024; baseline -0.022 -1"><span class='ocrx_word' id='word_1_131' title='bbox 309 1941 421 2023; x_wconf 81' lang='lat' dir='ltr'>raas</span> <span class='ocrx_word' id='word_1_132' title='bbox 449 1935 715 2019; x_wconf 70' lang='lat' dir='ltr'>catenario.</span> <span class='ocrx_word' id='word_1_133' title='bbox 1518 1941 1611 2024; x_wconf 65' lang='lat'>544,</span> 
     </span>
     <span class='ocr_line' id='line_1_17' title="bbox 388 2078 1612 2156; baseline 0.001 -7"><span class='ocrx_word' id='word_1_134' title='bbox 388 2083 518 2149; x_wconf 83' lang='lat' dir='ltr'>Bertold</span> <span class='ocrx_word' id='word_1_135' title='bbox 539 2083 607 2144; x_wconf 79' lang='lat' dir='ltr'>acad</span> <span class='ocrx_word' id='word_1_136' title='bbox 620 2080 769 2156; x_wconf 82' lang='lat' dir='ltr'>Dictre&#39;cb,</span> <span class='ocrx_word' id='word_1_137' title='bbox 791 2080 842 2142; x_wconf 78' lang='lat' dir='ltr'>ihr</span> <span class='ocrx_word' id='word_1_138' title='bbox 859 2078 959 2143; x_wconf 73' lang='lat' dir='ltr'>Vetter</span> <span class='ocrx_word' id='word_1_139' title='bbox 976 2079 1106 2144; x_wconf 81' lang='lat' dir='ltr'>Bertold</span> <span class='ocrx_word' id='word_1_140' title='bbox 1127 2082 1196 2146; x_wconf 77' lang='lat' dir='ltr'>aad</span> <span class='ocrx_word' id='word_1_141' title='bbox 1207 2081 1365 2148; x_wconf 66' lang='lat' dir='ltr'>Dictaeis</span> <span class='ocrx_word' id='word_1_142' title='bbox 1376 2083 1459 2148; x_wconf 75' lang='lat' dir='ltr'>Sola</span> <span class='ocrx_word' id='word_1_143' title='bbox 1473 2084 1612 2150; x_wconf 80' lang='lat' dir='ltr'>Koarad</span> 
     </span>
    </p>
   </div>
   <div class='ocr_carea' id='block_1_6' title="bbox 349 2169 1739 2257">
    <p class='ocr_par' dir='ltr' id='par_1_6' title="bbox 349 2169 1739 2257">
     <span class='ocr_line' id='line_1_18' title="bbox 349 2169 1739 2257; baseline -0.004 -18"><span class='ocrx_word' id='word_1_144' title='bbox 349 2175 529 2238; x_wconf 75' lang='lat' dir='ltr'>Heronio</span> <span class='ocrx_word' id='word_1_145' title='bbox 551 2171 713 2235; x_wconf 63' lang='lat' dir='ltr'>reserarat</span> <span class='ocrx_word' id='word_1_146' title='bbox 739 2172 849 2249; x_wconf 55' lang='lat' dir='ltr'>wrcen</span> <span class='ocrx_word' id='word_1_147' title='bbox 879 2171 948 2233; x_wconf 86' lang='lat' dir='ltr'>dem</span> <span class='ocrx_word' id='word_1_148' title='bbox 975 2169 1102 2234; x_wconf 83' lang='lat' dir='ltr'>Kloster</span> <span class='ocrx_word' id='word_1_149' title='bbox 1127 2173 1236 2253; x_wconf 77' lang='lat' dir='ltr'>Pforte</span> <span class='ocrx_word' id='word_1_150' title='bbox 1259 2174 1340 2236; x_wconf 76' lang='lat' dir='ltr'>naen</span> <span class='ocrx_word' id='word_1_151' title='bbox 1364 2174 1528 2257; x_wconf 71' lang='lat' dir='ltr'>Empsaap</span> <span class='ocrx_word' id='word_1_152' title='bbox 1554 2197 1612 2240; x_wconf 81' lang='lat' dir='ltr'>eoo</span> <span class='ocrx_word' id='word_1_153' title='bbox 1738 2231 1739 2234; x_wconf 74' lang='grc'>,</span> 
     </span>
    </p>
   </div>
   <div class='ocr_carea' id='block_1_7' title="bbox 347 2259 1281 2343">
    <p class='ocr_par' dir='ltr' id='par_1_7' title="bbox 347 2259 1281 2343">
     <span class='ocr_line' id='line_1_19' title="bbox 347 2259 1281 2343; baseline -0.001 -14"><span class='ocrx_word' id='word_1_154' title='bbox 347 2271 366 2329; x_wconf 91' lang='grc'><em>1</em></span> <span class='ocrx_word' id='word_1_155' title='bbox 386 2265 497 2329; x_wconf 69' lang='lat' dir='ltr'>Fater</span> <span class='ocrx_word' id='word_1_156' title='bbox 514 2261 605 2326; x_wconf 81' lang='lat' dir='ltr'>Weia</span> <span class='ocrx_word' id='word_1_157' title='bbox 625 2261 694 2324; x_wconf 77' lang='lat' dir='ltr'>aad</span> <span class='ocrx_word' id='word_1_158' title='bbox 716 2265 739 2326; x_wconf 86' lang='lat'><em>2</em></span> <span class='ocrx_word' id='word_1_159' title='bbox 761 2259 860 2324; x_wconf 78' lang='lat' dir='ltr'>Morio</span> <span class='ocrx_word' id='word_1_160' title='bbox 881 2265 900 2323; x_wconf 91' lang='lat'><em>1</em></span> <span class='ocrx_word' id='word_1_161' title='bbox 919 2259 1010 2343; x_wconf 73' lang='lat' dir='ltr'>Hafa</span> <span class='ocrx_word' id='word_1_162' title='bbox 1028 2263 1064 2324; x_wconf 83' lang='lat' dir='ltr'>ia</span> <span class='ocrx_word' id='word_1_163' title='bbox 1088 2261 1210 2326; x_wconf 69' lang='lat' dir='ltr'>Maean</span> <span class='ocrx_word' id='word_1_164' title='bbox 1230 2283 1281 2328; x_wconf 76' lang='lat' dir='ltr'>aa.</span> 
     </span>
    </p>
   </div>
   <div class='ocr_carea' id='block_1_8' title="bbox 456 2378 1350 2550">
    <p class='ocr_par' dir='ltr' id='par_1_8' title="bbox 456 2378 1350 2550">
     <span class='ocr_line' id='line_1_20' title="bbox 457 2378 1350 2462; baseline 0.002 -17"><span class='ocrx_word' id='word_1_165' title='bbox 457 2391 590 2445; x_wconf 66' lang='lat' dir='ltr'>Harena.-</span> <span class='ocrx_word' id='word_1_166' title='bbox 609 2378 718 2444; x_wconf 53' lang='grc' dir='ltr'>ΜΝ.</span> <span class='ocrx_word' id='word_1_167' title='bbox 745 2389 775 2442; x_wconf 82' lang='lat'>1)</span> <span class='ocrx_word' id='word_1_168' title='bbox 787 2379 858 2443; x_wconf 76' lang='lat' dir='ltr'>129b</span> <span class='ocrx_word' id='word_1_169' title='bbox 877 2389 1087 2458; x_wconf 64' lang='lat' dir='ltr'>(atarffordia)</span> <span class='ocrx_word' id='word_1_170' title='bbox 1106 2394 1156 2446; x_wconf 80' lang='lat' dir='ltr'>mat</span> <span class='ocrx_word' id='word_1_171' title='bbox 1173 2391 1350 2462; x_wconf 55' lang='lat' dir='ltr'>Keramon.</span> 
     </span>
     <span class='ocr_line' id='line_1_21' title="bbox 456 2481 958 2550; baseline -0.004 -12"><span class='ocrx_word' id='word_1_172' title='bbox 456 2484 568 2538; x_wconf 77' lang='lat' dir='ltr'>Druck:</span> <span class='ocrx_word' id='word_1_173' title='bbox 587 2482 723 2536; x_wconf 79' lang='lat' dir='ltr'>Deuteeh:</span> <span class='ocrx_word' id='word_1_174' title='bbox 746 2481 829 2550; x_wconf 81' lang='lat' dir='ltr'>Wolff</span> <span class='ocrx_word' id='word_1_175' title='bbox 838 2483 879 2548; x_wconf 83' lang='lat' dir='ltr'>H,</span> <span class='ocrx_word' id='word_1_176' title='bbox 898 2487 958 2536; x_wconf 64' lang='lat'>431.</span> 
     </span>
    </p>
   </div>
   <div class='ocr_carea' id='block_1_9' title="bbox 309 2606 1614 2786">
    <p class='ocr_par' dir='ltr' id='par_1_9' title="bbox 309 2606 1614 2786">
     <span class='ocr_line' id='line_1_22' title="bbox 316 2606 1612 2696; baseline 0.002 -19"><span class='ocrx_word' id='word_1_177' title='bbox 316 2683 321 2692; x_wconf 53' lang='grc'><strong>,</strong></span> <span class='ocrx_word' id='word_1_178' title='bbox 390 2612 456 2676; x_wconf 87' lang='lat' dir='ltr'>Nes</span> <span class='ocrx_word' id='word_1_179' title='bbox 479 2607 647 2674; x_wconf 86' lang='lat' dir='ltr'>Bertoldus</span> <span class='ocrx_word' id='word_1_180' title='bbox 671 2613 701 2672; x_wconf 91' lang='lat' dir='ltr'>et</span> <span class='ocrx_word' id='word_1_181' title='bbox 721 2606 930 2672; x_wconf 88' lang='lat' dir='ltr'>Theodericus</span> <span class='ocrx_word' id='word_1_182' title='bbox 957 2616 988 2673; x_wconf 91' lang='lat' dir='ltr'>et</span> <span class='ocrx_word' id='word_1_183' title='bbox 1015 2611 1089 2674; x_wconf 91' lang='lat' dir='ltr'>item</span> <span class='ocrx_word' id='word_1_184' title='bbox 1111 2609 1279 2674; x_wconf 89' lang='lat' dir='ltr'>Bertoldus</span> <span class='ocrx_word' id='word_1_185' title='bbox 1300 2613 1458 2696; x_wconf 86' lang='lat' dir='ltr'>patrueles</span> <span class='ocrx_word' id='word_1_186' title='bbox 1479 2621 1511 2679; x_wconf 89' lang='lat' dir='ltr'>et</span> <span class='ocrx_word' id='word_1_187' title='bbox 1530 2615 1612 2680; x_wconf 84' lang='lat' dir='ltr'>Ocn-</span> 
     </span>
     <span class='ocr_line' id='line_1_23' title="bbox 309 2697 1614 2786; baseline -0.002 -15"><span class='ocrx_word' id='word_1_188' title='bbox 309 2707 405 2771; x_wconf 86' lang='lat' dir='ltr'>radus</span> <span class='ocrx_word' id='word_1_189' title='bbox 435 2701 616 2765; x_wconf 79' lang='lat' dir='ltr'>Theoderici</span> <span class='ocrx_word' id='word_1_190' title='bbox 646 2699 777 2782; x_wconf 77' lang='lat' dir='ltr'>predicti</span> <span class='ocrx_word' id='word_1_191' title='bbox 807 2697 894 2762; x_wconf 89' lang='lat' dir='ltr'>filius</span> <span class='ocrx_word' id='word_1_192' title='bbox 921 2699 1039 2762; x_wconf 90' lang='lat' dir='ltr'>domini</span> <span class='ocrx_word' id='word_1_193' title='bbox 1065 2703 1099 2764; x_wconf 89' lang='lat' dir='ltr'>in</span> <span class='ocrx_word' id='word_1_194' title='bbox 1124 2700 1326 2766; x_wconf 87' lang='lat' dir='ltr'>Yscherstete</span> <span class='ocrx_word' id='word_1_195' title='bbox 1353 2708 1614 2786; x_wconf 85' lang='lat' dir='ltr'>recognoscimus</span> 
     </span>
    </p>
   </div>
   <div class='ocr_carea' id='block_1_10' title="bbox 307 2788 1738 2970">
    <p class='ocr_par' dir='ltr' id='par_1_10' title="bbox 307 2788 1738 2970">
     <span class='ocr_line' id='line_1_24' title="bbox 307 2788 1738 2880; baseline -0.002 -19"><span class='ocrx_word' id='word_1_196' title='bbox 307 2805 414 2862; x_wconf 90' lang='lat' dir='ltr'>tenore</span> <span class='ocrx_word' id='word_1_197' title='bbox 441 2792 635 2874; x_wconf 86' lang='lat' dir='ltr'>presentium</span> <span class='ocrx_word' id='word_1_198' title='bbox 659 2789 774 2852; x_wconf 76' lang='lat' dir='ltr'>Christi</span> <span class='ocrx_word' id='word_1_199' title='bbox 799 2788 946 2853; x_wconf 84' lang='lat' dir='ltr'>fidelibus</span> <span class='ocrx_word' id='word_1_200' title='bbox 974 2792 1132 2854; x_wconf 90' lang='lat' dir='ltr'>universis</span> <span class='ocrx_word' id='word_1_201' title='bbox 1161 2791 1286 2874; x_wconf 90' lang='lat' dir='ltr'>publice</span> <span class='ocrx_word' id='word_1_202' title='bbox 1306 2793 1496 2876; x_wconf 90' lang='lat' dir='ltr'>profitend0,</span> <span class='ocrx_word' id='word_1_203' title='bbox 1526 2797 1612 2880; x_wconf 89' lang='lat' dir='ltr'>quod</span> <span class='ocrx_word' id='word_1_204' title='bbox 1737 2853 1738 2876; x_wconf 58' lang='lat'>,</span> 
     </span>
     <span class='ocr_line' id='line_1_25' title="bbox 307 2881 1738 2970; baseline -0.001 -20"><span class='ocrx_word' id='word_1_205' title='bbox 307 2886 451 2950; x_wconf 90' lang='lat' dir='ltr'>unanimi</span> <span class='ocrx_word' id='word_1_206' title='bbox 473 2882 617 2945; x_wconf 89' lang='lat' dir='ltr'>omnium</span> <span class='ocrx_word' id='word_1_207' title='bbox 640 2887 785 2942; x_wconf 89' lang='lat' dir='ltr'>nostrum</span> <span class='ocrx_word' id='word_1_208' title='bbox 806 2885 836 2942; x_wconf 91' lang='lat' dir='ltr'>et</span> <span class='ocrx_word' id='word_1_209' title='bbox 857 2881 1045 2943; x_wconf 88' lang='lat' dir='ltr'>coheredum</span> <span class='ocrx_word' id='word_1_210' title='bbox 1069 2887 1247 2945; x_wconf 89' lang='lat' dir='ltr'>nostrorum</span> <span class='ocrx_word' id='word_1_211' title='bbox 1268 2883 1436 2947; x_wconf 88' lang='lat' dir='ltr'>accedente</span> <span class='ocrx_word' id='word_1_212' title='bbox 1451 2903 1612 2950; x_wconf 87' lang='lat' dir='ltr'>consensu</span> <span class='ocrx_word' id='word_1_213' title='bbox 1737 2933 1738 2970; x_wconf 53' lang='lat'>,</span> 
     </span>
    </p>
   </div>
   <div class='ocr_carea' id='block_1_11' title="bbox 306 2971 1615 3320">
    <p class='ocr_par' dir='ltr' id='par_1_11' title="bbox 306 2971 1615 3320">
     <span class='ocr_line' id='line_1_26' title="bbox 308 2971 1613 3055; baseline -0.002 -14"><span class='ocrx_word' id='word_1_214' title='bbox 308 2977 462 3051; x_wconf 80' lang='lat' dir='ltr'>dedimus,</span> <span class='ocrx_word' id='word_1_215' title='bbox 490 2973 680 3035; x_wconf 87' lang='lat' dir='ltr'>donavimus</span> <span class='ocrx_word' id='word_1_216' title='bbox 704 2975 735 3032; x_wconf 91' lang='lat' dir='ltr'>et</span> <span class='ocrx_word' id='word_1_217' title='bbox 759 2971 949 3035; x_wconf 88' lang='lat' dir='ltr'>tradidimus</span> <span class='ocrx_word' id='word_1_218' title='bbox 976 2977 1007 3034; x_wconf 89' lang='lat' dir='ltr'>ct</span> <span class='ocrx_word' id='word_1_219' title='bbox 1036 2972 1234 3055; x_wconf 90' lang='lat' dir='ltr'>presentibus</span> <span class='ocrx_word' id='word_1_220' title='bbox 1255 2974 1377 3052; x_wconf 90' lang='lat' dir='ltr'>damus,</span> <span class='ocrx_word' id='word_1_221' title='bbox 1402 2975 1561 3039; x_wconf 90' lang='lat' dir='ltr'>donamus</span> <span class='ocrx_word' id='word_1_222' title='bbox 1583 2983 1613 3038; x_wconf 90' lang='lat' dir='ltr'>et</span> 
     </span>
     <span class='ocr_line' id='line_1_27' title="bbox 307 3063 1614 3150; baseline -0.002 -19"><span class='ocrx_word' id='word_1_223' title='bbox 307 3067 462 3131; x_wconf 91' lang='lat' dir='ltr'>tradimus</span> <span class='ocrx_word' id='word_1_224' title='bbox 490 3066 540 3126; x_wconf 92' lang='lat' dir='ltr'>ius</span> <span class='ocrx_word' id='word_1_225' title='bbox 566 3063 762 3145; x_wconf 87' lang='lat' dir='ltr'>proprietatis</span> <span class='ocrx_word' id='word_1_226' title='bbox 789 3063 855 3124; x_wconf 86' lang='lat' dir='ltr'>sive</span> <span class='ocrx_word' id='word_1_227' title='bbox 880 3063 1097 3145; x_wconf 89' lang='lat' dir='ltr'>proprietatem</span> <span class='ocrx_word' id='word_1_228' title='bbox 1122 3066 1218 3127; x_wconf 89' lang='lat' dir='ltr'>unius</span> <span class='ocrx_word' id='word_1_229' title='bbox 1239 3067 1341 3128; x_wconf 90' lang='lat' dir='ltr'>mansi</span> <span class='ocrx_word' id='word_1_230' title='bbox 1364 3067 1414 3127; x_wconf 91' lang='lat' dir='ltr'>siti</span> <span class='ocrx_word' id='word_1_231' title='bbox 1436 3067 1468 3127; x_wconf 91' lang='lat' dir='ltr'>iu</span> <span class='ocrx_word' id='word_1_232' title='bbox 1490 3069 1614 3150; x_wconf 88' lang='lat' dir='ltr'>campis</span> 
     </span>
     <span class='ocr_line' id='line_1_28' title="bbox 306 3152 1614 3236; baseline -0.002 -18"><span class='ocrx_word' id='word_1_233' title='bbox 306 3158 383 3236; x_wconf 78' lang='lat' dir='ltr'>ville</span> <span class='ocrx_word' id='word_1_234' title='bbox 403 3153 570 3217; x_wconf 83' lang='lat' dir='ltr'>Molhuseu</span> <span class='ocrx_word' id='word_1_235' title='bbox 598 3152 780 3214; x_wconf 88' lang='lat' dir='ltr'>remocioris</span> <span class='ocrx_word' id='word_1_236' title='bbox 805 3171 879 3214; x_wconf 90' lang='lat' dir='ltr'>cum</span> <span class='ocrx_word' id='word_1_237' title='bbox 906 3153 1054 3216; x_wconf 91' lang='lat' dir='ltr'>omnibus</span> <span class='ocrx_word' id='word_1_238' title='bbox 1082 3156 1150 3217; x_wconf 87' lang='lat' dir='ltr'>suis</span> <span class='ocrx_word' id='word_1_239' title='bbox 1176 3153 1314 3232; x_wconf 91' lang='lat' dir='ltr'>iuribus,</span> <span class='ocrx_word' id='word_1_240' title='bbox 1339 3155 1453 3218; x_wconf 89' lang='lat' dir='ltr'>usibus</span> <span class='ocrx_word' id='word_1_241' title='bbox 1473 3159 1504 3218; x_wconf 90' lang='lat' dir='ltr'>et</span> <span class='ocrx_word' id='word_1_242' title='bbox 1527 3156 1614 3219; x_wconf 92' lang='lat' dir='ltr'>utili-</span> 
     </span>
     <span class='ocr_line' id='line_1_29' title="bbox 308 3237 1615 3320; baseline -0.002 -10"><span class='ocrx_word' id='word_1_243' title='bbox 308 3246 426 3310; x_wconf 84' lang='lat' dir='ltr'>tatibus</span> <span class='ocrx_word' id='word_1_244' title='bbox 451 3244 579 3306; x_wconf 91' lang='lat' dir='ltr'>dcmino</span> <span class='ocrx_word' id='word_1_245' title='bbox 606 3240 725 3320; x_wconf 86' lang='lat' dir='ltr'>abbati,</span> <span class='ocrx_word' id='word_1_246' title='bbox 756 3243 927 3305; x_wconf 89' lang='lat' dir='ltr'>couventui</span> <span class='ocrx_word' id='word_1_247' title='bbox 955 3250 986 3306; x_wconf 92' lang='lat' dir='ltr'>et</span> <span class='ocrx_word' id='word_1_248' title='bbox 1013 3247 1203 3307; x_wconf 89' lang='lat' dir='ltr'>monasterio</span> <span class='ocrx_word' id='word_1_249' title='bbox 1225 3237 1370 3307; x_wconf 83' lang='lat' dir='ltr'>Po&#39;rtensi</span> <span class='ocrx_word' id='word_1_250' title='bbox 1396 3264 1462 3306; x_wconf 88' lang='lat' dir='ltr'>una</span> <span class='ocrx_word' id='word_1_251' title='bbox 1489 3253 1615 3308; x_wconf 85' lang='lat' dir='ltr'>carrata</span> 
     </span>
    </p>
   </div>
   <div class='ocr_carea' id='block_1_12' title="bbox 308 3331 1737 3506">
    <p class='ocr_par' dir='ltr' id='par_1_12' title="bbox 308 3331 1737 3506">
     <span class='ocr_line' id='line_1_30' title="bbox 308 3331 1737 3416; baseline -0.001 -16"><span class='ocrx_word' id='word_1_252' title='bbox 308 3338 375 3400; x_wconf 88' lang='lat' dir='ltr'>vini</span> <span class='ocrx_word' id='word_1_253' title='bbox 400 3341 432 3397; x_wconf 92' lang='lat' dir='ltr'>et</span> <span class='ocrx_word' id='word_1_254' title='bbox 456 3331 581 3395; x_wconf 91' lang='lat' dir='ltr'>duabus</span> <span class='ocrx_word' id='word_1_255' title='bbox 608 3331 646 3393; x_wconf 89' lang='lat' dir='ltr'>ab</span> <span class='ocrx_word' id='word_1_256' title='bbox 668 3331 786 3393; x_wconf 89' lang='lat' dir='ltr'>eisdem</span> <span class='ocrx_word' id='word_1_257' title='bbox 808 3334 939 3416; x_wconf 87' lang='lat' dir='ltr'>receptis</span> <span class='ocrx_word' id='word_1_258' title='bbox 962 3336 1075 3398; x_wconf 88' lang='lat' dir='ltr'>marcis</span> <span class='ocrx_word' id='word_1_259' title='bbox 1096 3340 1126 3397; x_wconf 91' lang='lat' dir='ltr'>et</span> <span class='ocrx_word' id='word_1_260' title='bbox 1146 3335 1179 3396; x_wconf 92' lang='lat' dir='ltr'>iu</span> <span class='ocrx_word' id='word_1_261' title='bbox 1201 3341 1326 3400; x_wconf 87' lang='lat' dir='ltr'>nostros</span> <span class='ocrx_word' id='word_1_262' title='bbox 1349 3355 1429 3398; x_wconf 90' lang='lat' dir='ltr'>usus</span> <span class='ocrx_word' id='word_1_263' title='bbox 1450 3335 1514 3398; x_wconf 91' lang='lat' dir='ltr'>iam</span> <span class='ocrx_word' id='word_1_264' title='bbox 1535 3355 1614 3400; x_wconf 87' lang='lat' dir='ltr'>cou-</span> <span class='ocrx_word' id='word_1_265' title='bbox 1736 3357 1737 3370; x_wconf 58' lang='lat'>¹</span> 
     </span>
     <span class='ocr_line' id='line_1_31' title="bbox 309 3422 1737 3506; baseline -0.001 -17"><span class='ocrx_word' id='word_1_266' title='bbox 309 3427 417 3504; x_wconf 86' lang='lat' dir='ltr'>versis,</span> <span class='ocrx_word' id='word_1_267' title='bbox 439 3441 531 3506; x_wconf 88' lang='lat' dir='ltr'>quem</span> <span class='ocrx_word' id='word_1_268' title='bbox 556 3422 683 3503; x_wconf 88' lang='lat' dir='ltr'>quidem</span> <span class='ocrx_word' id='word_1_269' title='bbox 705 3441 853 3484; x_wconf 88' lang='lat' dir='ltr'>mansum</span> <span class='ocrx_word' id='word_1_270' title='bbox 874 3422 974 3484; x_wconf 87' lang='lat' dir='ltr'>felicis</span> <span class='ocrx_word' id='word_1_271' title='bbox 996 3424 1220 3487; x_wconf 88' lang='lat' dir='ltr'>recordatiouis</span> <span class='ocrx_word' id='word_1_272' title='bbox 1234 3423 1406 3488; x_wconf 89' lang='lat' dir='ltr'>Heinrieus</span> <span class='ocrx_word' id='word_1_273' title='bbox 1427 3423 1616 3488; x_wconf 84' lang='lat' dir='ltr'>chaleklre</span> <span class='ocrx_word' id='word_1_274' title='bbox 1736 3469 1737 3473; x_wconf 65' lang='lat'>,</span> 
     </span>
    </p>
   </div>
   <div class='ocr_carea' id='block_1_13' title="bbox 307 3511 1617 3870">
    <p class='ocr_par' dir='ltr' id='par_1_13' title="bbox 307 3511 1617 3870">
     <span class='ocr_line' id='line_1_32' title="bbox 307 3511 1616 3593; baseline -0.001 -14"><span class='ocrx_word' id='word_1_275' title='bbox 307 3523 339 3580; x_wconf 88' lang='lat' dir='ltr'>et</span> <span class='ocrx_word' id='word_1_276' title='bbox 358 3514 516 3578; x_wconf 84' lang='lat' dir='ltr'>Iohannes</span> <span class='ocrx_word' id='word_1_277' title='bbox 538 3512 575 3575; x_wconf 87' lang='lat' dir='ltr'>de</span> <span class='ocrx_word' id='word_1_278' title='bbox 596 3511 757 3574; x_wconf 80' lang='lat' dir='ltr'>Grussen⁸</span> <span class='ocrx_word' id='word_1_279' title='bbox 778 3513 862 3575; x_wconf 86' lang='lat' dir='ltr'>cives</span> <span class='ocrx_word' id='word_1_280' title='bbox 879 3511 1084 3577; x_wconf 84' lang='lat' dir='ltr'>Erfurdenses</span> <span class='ocrx_word' id='word_1_281' title='bbox 1104 3535 1123 3577; x_wconf 92' lang='lat' dir='ltr'>a</span> <span class='ocrx_word' id='word_1_282' title='bbox 1144 3514 1236 3578; x_wconf 91' lang='lat' dir='ltr'>uobis</span> <span class='ocrx_word' id='word_1_283' title='bbox 1258 3517 1292 3578; x_wconf 90' lang='lat' dir='ltr'>iu</span> <span class='ocrx_word' id='word_1_284' title='bbox 1314 3515 1403 3578; x_wconf 84' lang='lat' dir='ltr'>feodo</span> <span class='ocrx_word' id='word_1_285' title='bbox 1428 3521 1616 3593; x_wconf 90' lang='lat' dir='ltr'>tenuerunt,</span> 
     </span>
     <span class='ocr_line' id='line_1_33' title="bbox 307 3603 1617 3687; baseline 0 -18"><span class='ocrx_word' id='word_1_286' title='bbox 307 3605 402 3669; x_wconf 90' lang='lat' dir='ltr'>nichil</span> <span class='ocrx_word' id='word_1_287' title='bbox 425 3603 516 3666; x_wconf 90' lang='lat' dir='ltr'>nobis</span> <span class='ocrx_word' id='word_1_288' title='bbox 538 3621 596 3666; x_wconf 88' lang='lat' dir='ltr'>uec</span> <span class='ocrx_word' id='word_1_289' title='bbox 619 3604 735 3668; x_wconf 87' lang='lat' dir='ltr'>nostris</span> <span class='ocrx_word' id='word_1_290' title='bbox 756 3603 991 3666; x_wconf 87' lang='lat' dir='ltr'>successoribus</span> <span class='ocrx_word' id='word_1_291' title='bbox 1012 3606 1043 3666; x_wconf 90' lang='lat' dir='ltr'>in</span> <span class='ocrx_word' id='word_1_292' title='bbox 1068 3623 1104 3667; x_wconf 93' lang='lat' dir='ltr'>eo</span> <span class='ocrx_word' id='word_1_293' title='bbox 1126 3605 1219 3668; x_wconf 91' lang='lat' dir='ltr'>modo</span> <span class='ocrx_word' id='word_1_294' title='bbox 1242 3605 1383 3687; x_wconf 89' lang='lat' dir='ltr'>quolibet</span> <span class='ocrx_word' id='word_1_295' title='bbox 1403 3613 1617 3679; x_wconf 75' lang='lat' dir='ltr'>reservantes</span> 
     </span>
     <span class='ocr_line' id='line_1_34' title="bbox 307 3693 1616 3777; baseline -0.002 -15"><span class='ocrx_word' id='word_1_296' title='bbox 307 3697 360 3762; x_wconf 87' lang='lat' dir='ltr'>sed</span> <span class='ocrx_word' id='word_1_297' title='bbox 382 3697 488 3777; x_wconf 90' lang='lat' dir='ltr'>ipsum</span> <span class='ocrx_word' id='word_1_298' title='bbox 510 3713 582 3756; x_wconf 89' lang='lat' dir='ltr'>cum</span> <span class='ocrx_word' id='word_1_299' title='bbox 605 3693 753 3758; x_wconf 91' lang='lat' dir='ltr'>omnibns</span> <span class='ocrx_word' id='word_1_300' title='bbox 774 3694 842 3756; x_wconf 90' lang='lat' dir='ltr'>suis</span> <span class='ocrx_word' id='word_1_301' title='bbox 863 3695 1060 3775; x_wconf 82' lang='lat' dir='ltr'>pertinentiis</span> <span class='ocrx_word' id='word_1_302' title='bbox 1085 3697 1133 3758; x_wconf 84' lang='lat' dir='ltr'>etb</span> <span class='ocrx_word' id='word_1_303' title='bbox 1155 3696 1344 3760; x_wconf 86' lang='lat' dir='ltr'>utilitatibus</span> <span class='ocrx_word' id='word_1_304' title='bbox 1365 3697 1453 3758; x_wconf 74' lang='lat' dir='ltr'>sive⁶</span> <span class='ocrx_word' id='word_1_305' title='bbox 1473 3695 1616 3774; x_wconf 93' lang='lat' dir='ltr'>iuribus,</span> 
     </span>
     <span class='ocr_line' id='line_1_35' title="bbox 308 3782 1616 3870; baseline 0.001 -21"><span class='ocrx_word' id='word_1_306' title='bbox 308 3803 500 3870; x_wconf 88' lang='lat' dir='ltr'>quocunque</span> <span class='ocrx_word' id='word_1_307' title='bbox 516 3788 706 3846; x_wconf 89' lang='lat' dir='ltr'>censeantur</span> <span class='ocrx_word' id='word_1_308' title='bbox 723 3784 860 3861; x_wconf 86' lang='lat' dir='ltr'>nomine,</span> <span class='ocrx_word' id='word_1_309' title='bbox 879 3782 1051 3847; x_wconf 86' lang='lat' dir='ltr'>solventem</span> <span class='ocrx_word' id='word_1_310' title='bbox 1069 3785 1162 3848; x_wconf 83' lang='lat' dir='ltr'>etiam</span> <span class='ocrx_word' id='word_1_311' title='bbox 1178 3787 1341 3850; x_wconf 89' lang='lat' dir='ltr'>annuatim</span> <span class='ocrx_word' id='word_1_312' title='bbox 1360 3804 1455 3848; x_wconf 91' lang='lat' dir='ltr'>unam</span> <span class='ocrx_word' id='word_1_313' title='bbox 1470 3805 1616 3850; x_wconf 88' lang='lat' dir='ltr'>marcam</span> 
     </span>
    </p>
   </div>
   <div class='ocr_carea' id='block_1_14' title="bbox 307 3872 1736 3958">
    <p class='ocr_par' dir='ltr' id='par_1_14' title="bbox 307 3872 1736 3958">
     <span class='ocr_line' id='line_1_36' title="bbox 307 3872 1736 3958; baseline -0.001 -19"><span class='ocrx_word' id='word_1_314' title='bbox 307 3876 487 3940; x_wconf 88' lang='lat' dir='ltr'>reddituum</span> <span class='ocrx_word' id='word_1_315' title='bbox 510 3877 542 3936; x_wconf 87' lang='lat' dir='ltr'>in</span> <span class='ocrx_word' id='word_1_316' title='bbox 565 3873 657 3953; x_wconf 77' lang='lat' dir='ltr'>beate</span> <span class='ocrx_word' id='word_1_317' title='bbox 679 3872 880 3956; x_wconf 70' lang='lat' dir='ltr'>Walpurgis‘l</span> <span class='ocrx_word' id='word_1_318' title='bbox 901 3879 930 3936; x_wconf 91' lang='lat' dir='ltr'>et</span> <span class='ocrx_word' id='word_1_319' title='bbox 951 3872 1033 3936; x_wconf 91' lang='lat' dir='ltr'>beati</span> <span class='ocrx_word' id='word_1_320' title='bbox 1055 3873 1182 3937; x_wconf 90' lang='lat' dir='ltr'>Martini</span> <span class='ocrx_word' id='word_1_321' title='bbox 1204 3877 1341 3958; x_wconf 87' lang='lat' dir='ltr'>episcopi</span> <span class='ocrx_word' id='word_1_322' title='bbox 1366 3875 1468 3950; x_wconf 88' lang='lat' dir='ltr'>festis,</span> <span class='ocrx_word' id='word_1_323' title='bbox 1497 3877 1531 3936; x_wconf 91' lang='lat' dir='ltr'>in</span> <span class='ocrx_word' id='word_1_324' title='bbox 1561 3879 1617 3938; x_wconf 91' lang='lat' dir='ltr'>ius</span> <span class='ocrx_word' id='word_1_325' title='bbox 1735 3917 1736 3924; x_wconf 22' lang='grc' dir='ltr'><strong>κ</strong></span> 
     </span>
    </p>
   </div>
   <div class='ocr_carea' id='block_1_15' title="bbox 306 3964 1623 4674">
    <p class='ocr_par' dir='ltr' id='par_1_15' title="bbox 306 3964 1623 4674">
     <span class='ocr_line' id='line_1_37' title="bbox 307 3964 1618 4048; baseline 0.002 -19"><span class='ocrx_word' id='word_1_326' title='bbox 307 3972 338 4029; x_wconf 90' lang='lat' dir='ltr'>et</span> <span class='ocrx_word' id='word_1_327' title='bbox 358 3966 533 4028; x_wconf 91' lang='lat' dir='ltr'>dominium</span> <span class='ocrx_word' id='word_1_328' title='bbox 555 3964 763 4047; x_wconf 90' lang='lat' dir='ltr'>predictorum</span> <span class='ocrx_word' id='word_1_329' title='bbox 788 3964 1004 4044; x_wconf 89' lang='lat' dir='ltr'>religiosorum</span> <span class='ocrx_word' id='word_1_330' title='bbox 1027 3966 1245 4028; x_wconf 88' lang='lat' dir='ltr'>transferimus</span> <span class='ocrx_word' id='word_1_331' title='bbox 1265 3968 1299 4028; x_wconf 92' lang='lat' dir='ltr'>iu</span> <span class='ocrx_word' id='word_1_332' title='bbox 1318 3966 1378 4028; x_wconf 87' lang='lat' dir='ltr'>biis</span> <span class='ocrx_word' id='word_1_333' title='bbox 1396 3966 1530 4048; x_wconf 72' lang='lat' dir='ltr'>scriptis</span> <span class='ocrx_word' id='word_1_334' title='bbox 1555 3985 1618 4031; x_wconf 89' lang='lat' dir='ltr'>nos</span> 
     </span>
     <span class='ocr_line' id='line_1_38' title="bbox 307 4053 1618 4139; baseline 0.002 -22"><span class='ocrx_word' id='word_1_335' title='bbox 307 4076 363 4139; x_wconf 94' lang='lat' dir='ltr'>pro</span> <span class='ocrx_word' id='word_1_336' title='bbox 393 4057 550 4136; x_wconf 82' lang='lat' dir='ltr'>warangia</span> <span class='ocrx_word' id='word_1_337' title='bbox 578 4053 791 4136; x_wconf 77' lang='lat' dir='ltr'>predictorum</span> <span class='ocrx_word' id='word_1_338' title='bbox 823 4054 1018 4117; x_wconf 91' lang='lat' dir='ltr'>iusticialiter</span> <span class='ocrx_word' id='word_1_339' title='bbox 1043 4055 1186 4119; x_wconf 85' lang='lat' dir='ltr'>iacienda</span> <span class='ocrx_word' id='word_1_340' title='bbox 1213 4058 1377 4120; x_wconf 82' lang='lat' dir='ltr'>universos</span> <span class='ocrx_word' id='word_1_341' title='bbox 1403 4063 1434 4118; x_wconf 92' lang='lat' dir='ltr'>et</span> <span class='ocrx_word' id='word_1_342' title='bbox 1464 4057 1618 4138; x_wconf 88' lang='lat' dir='ltr'>singulos</span> 
     </span>
     <span class='ocr_line' id='line_1_39' title="bbox 306 4141 1619 4227; baseline 0 -19"><span class='ocrx_word' id='word_1_343' title='bbox 306 4165 381 4208; x_wconf 93' lang='lat' dir='ltr'>cum</span> <span class='ocrx_word' id='word_1_344' title='bbox 396 4147 518 4208; x_wconf 67' lang='lat' dir='ltr'>‘nostris</span> <span class='ocrx_word' id='word_1_345' title='bbox 539 4141 746 4206; x_wconf 91' lang='lat' dir='ltr'>coheredibus</span> <span class='ocrx_word' id='word_1_346' title='bbox 767 4143 950 4224; x_wconf 87' lang='lat' dir='ltr'>obligantes.</span> <span class='ocrx_word' id='word_1_347' title='bbox 981 4143 1024 4207; x_wconf 91' lang='lat' dir='ltr'>Ut</span> <span class='ocrx_word' id='word_1_348' title='bbox 1044 4152 1150 4209; x_wconf 87' lang='lat' dir='ltr'>autem</span> <span class='ocrx_word' id='word_1_349' title='bbox 1172 4146 1231 4227; x_wconf 76' lang='lat' dir='ltr'>hec</span> <span class='ocrx_word' id='word_1_350' title='bbox 1255 4155 1359 4209; x_wconf 89' lang='lat' dir='ltr'>nostra</span> <span class='ocrx_word' id='word_1_351' title='bbox 1380 4146 1508 4208; x_wconf 90' lang='lat' dir='ltr'>donatio</span> <span class='ocrx_word' id='word_1_352' title='bbox 1523 4147 1619 4208; x_wconf 75' lang='lat' dir='ltr'>sivae</span> 
     </span>
     <span class='ocr_line' id='line_1_40' title="bbox 306 4231 1621 4319; baseline -0.002 -21"><span class='ocrx_word' id='word_1_353' title='bbox 306 4235 504 4319; x_wconf 89' lang='lat' dir='ltr'>proprietatis</span> <span class='ocrx_word' id='word_1_354' title='bbox 521 4233 644 4297; x_wconf 87' lang='lat' dir='ltr'>collatio</span> <span class='ocrx_word' id='word_1_355' title='bbox 659 4231 754 4296; x_wconf 88' lang='lat' dir='ltr'>fidem</span> <span class='ocrx_word' id='word_1_356' title='bbox 771 4233 884 4296; x_wconf 90' lang='lat' dir='ltr'>babeat</span> <span class='ocrx_word' id='word_1_357' title='bbox 901 4233 1093 4317; x_wconf 88' lang='lat' dir='ltr'>ampliorem,</span> <span class='ocrx_word' id='word_1_358' title='bbox 1114 4241 1290 4317; x_wconf 89' lang='lat' dir='ltr'>presentem</span> <span class='ocrx_word' id='word_1_359' title='bbox 1308 4233 1461 4298; x_wconf 89' lang='lat' dir='ltr'>cartulam</span> <span class='ocrx_word' id='word_1_360' title='bbox 1474 4235 1621 4318; x_wconf 87' lang='lat' dir='ltr'>desuper</span> 
     </span>
     <span class='ocr_line' id='line_1_41' title="bbox 306 4322 1620 4409; baseline 0.001 -22"><span class='ocrx_word' id='word_1_361' title='bbox 306 4325 422 4387; x_wconf 88' lang='lat' dir='ltr'>editam</span> <span class='ocrx_word' id='word_1_362' title='bbox 444 4324 629 4386; x_wconf 85' lang='lat' dir='ltr'>&#39;nestrorum</span> <span class='ocrx_word' id='word_1_363' title='bbox 660 4322 833 4404; x_wconf 89' lang='lat' dir='ltr'>sigillorum</span> <span class='ocrx_word' id='word_1_364' title='bbox 863 4326 1055 4406; x_wconf 89' lang='lat' dir='ltr'>appensione</span> <span class='ocrx_word' id='word_1_365' title='bbox 1079 4325 1212 4390; x_wconf 84' lang='lat' dir='ltr'>fecimus</span> <span class='ocrx_word' id='word_1_366' title='bbox 1240 4326 1427 4409; x_wconf 88' lang='lat' dir='ltr'>consignari.</span> <span class='ocrx_word' id='word_1_367' title='bbox 1470 4323 1510 4387; x_wconf 84' lang='lat' dir='ltr'>Et</span> <span class='ocrx_word' id='word_1_368' title='bbox 1536 4327 1620 4408; x_wconf 88' lang='lat' dir='ltr'>quia</span> 
     </span>
     <span class='ocr_line' id='line_1_42' title="bbox 306 4413 1622 4498; baseline 0.002 -21"><span class='ocrx_word' id='word_1_369' title='bbox 306 4433 364 4496; x_wconf 87' lang='lat' dir='ltr'>ego</span> <span class='ocrx_word' id='word_1_370' title='bbox 387 4413 552 4477; x_wconf 89' lang='lat' dir='ltr'>Bertoldus</span> <span class='ocrx_word' id='word_1_371' title='bbox 572 4414 679 4476; x_wconf 91' lang='lat' dir='ltr'>iunior</span> <span class='ocrx_word' id='word_1_372' title='bbox 700 4413 861 4494; x_wconf 78' lang='lat' dir='ltr'>predictus</span> <span class='ocrx_word' id='word_1_373' title='bbox 882 4413 1021 4495; x_wconf 88' lang='lat' dir='ltr'>sigillum</span> <span class='ocrx_word' id='word_1_374' title='bbox 1042 4417 1203 4498; x_wconf 90' lang='lat' dir='ltr'>proprium</span> <span class='ocrx_word' id='word_1_375' title='bbox 1226 4435 1290 4480; x_wconf 90' lang='lat' dir='ltr'>non</span> <span class='ocrx_word' id='word_1_376' title='bbox 1311 4415 1422 4494; x_wconf 87' lang='lat' dir='ltr'>habeo,</span> <span class='ocrx_word' id='word_1_377' title='bbox 1451 4419 1564 4498; x_wconf 88' lang='lat' dir='ltr'>patrui</span> <span class='ocrx_word' id='word_1_378' title='bbox 1588 4423 1622 4480; x_wconf 86' lang='lat' dir='ltr'>et</span> 
     </span>
     <span class='ocr_line' id='line_1_43' title="bbox 306 4503 1621 4587; baseline 0.003 -22"><span class='ocrx_word' id='word_1_379' title='bbox 306 4504 457 4586; x_wconf 87' lang='lat' dir='ltr'>patruelis</span> <span class='ocrx_word' id='word_1_380' title='bbox 482 4506 544 4566; x_wconf 89' lang='lat' dir='ltr'>mei</span> <span class='ocrx_word' id='word_1_381' title='bbox 578 4503 785 4586; x_wconf 90' lang='lat' dir='ltr'>predictorum</span> <span class='ocrx_word' id='word_1_382' title='bbox 815 4503 926 4586; x_wconf 89' lang='lat' dir='ltr'>sigillis</span> <span class='ocrx_word' id='word_1_383' title='bbox 953 4506 1152 4587; x_wconf 90' lang='lat' dir='ltr'>presentibus</span> <span class='ocrx_word' id='word_1_384' title='bbox 1183 4525 1253 4570; x_wconf 90' lang='lat' dir='ltr'>sum</span> <span class='ocrx_word' id='word_1_385' title='bbox 1283 4511 1460 4569; x_wconf 89' lang='lat' dir='ltr'>contentus.</span> <span class='ocrx_word' id='word_1_386' title='bbox 1500 4503 1621 4569; x_wconf 85' lang='lat' dir='ltr'>Testes</span> 
     </span>
     <span class='ocr_line' id='line_1_44' title="bbox 306 4591 1623 4674; baseline 0.003 -17"><span class='ocrx_word' id='word_1_387' title='bbox 306 4599 385 4658; x_wconf 89' lang='lat' dir='ltr'>sunt</span> <span class='ocrx_word' id='word_1_388' title='bbox 404 4593 573 4656; x_wconf 88' lang='lat' dir='ltr'>Bertoldus</span> <span class='ocrx_word' id='word_1_389' title='bbox 595 4593 813 4658; x_wconf 88' lang='lat' dir='ltr'>vicedominus</span> <span class='ocrx_word' id='word_1_390' title='bbox 832 4592 870 4656; x_wconf 90' lang='lat' dir='ltr'>de</span> <span class='ocrx_word' id='word_1_391' title='bbox 892 4591 1027 4674; x_wconf 81' lang='lat' dir='ltr'>Ekstete,</span> <span class='ocrx_word' id='word_1_392' title='bbox 1047 4595 1143 4658; x_wconf 85' lang='lat' dir='ltr'>frater</span> <span class='ocrx_word' id='word_1_393' title='bbox 1163 4596 1330 4660; x_wconf 89' lang='lat' dir='ltr'>Bertoldus</span> <span class='ocrx_word' id='word_1_394' title='bbox 1352 4595 1390 4658; x_wconf 92' lang='lat' dir='ltr'>de</span> <span class='ocrx_word' id='word_1_395' title='bbox 1407 4593 1623 4662; x_wconf 86' lang='lat' dir='ltr'>Yscberstetc</span> 
     </span>
    </p>
   </div>
   <div class='ocr_carea' id='block_1_16' title="bbox 0 0 1758 5148">
    <p class='ocr_par' dir='ltr' id='par_1_16' title="bbox 0 0 1758 5148">
     <span class='ocr_line' id='line_1_45' title="bbox 0 0 1758 5148; baseline 0 0"><span class='ocrx_word' id='word_1_396' title='bbox 0 0 1758 5148; x_wconf 95' lang='lat' dir='ltr'> </span> 
     </span>
    </p>
   </div>
  </div>
 </body>
</html>
