3402 5152
627 391 676 450 Νι.
687 396 747 450 415.
768 391 842 450 1306.
1339 397 1389 457 tel

173 545 211 609 ln
243 547 371 610 nornine
403 547 552 610 domini&
595 549 707 612 Amen.
763 545 953 610 Ludeuicns
990 545 1040 609 dei
1069 549 1175 628 gracia
1210 557 1394 636 prepositus

97 636 247 700 chricus
278 637 364 719 prior
398 641 547 718 totusque
588 643 764 700 conventus
800 636 1023 700 canonicorum
1063 639 1256 720 regularium
1293 648 1393 710 sancti

95 726 231 790 Mauricii
253 746 348 811 prope
361 726 390 790 N
394 726 540 810 neuburg
561 727 710 790 omnibus
722 725 836 788 Christi
858 725 1005 788 fidelibus
1025 726 1058 788 in
1081 735 1277 812 perpetuum.
1311 733 1390 799 Cum

95 825 187 882 mater
208 820 322 882 erroris
343 817 460 881 oblivio
481 817 576 881 rebus
595 819 691 900 gestis
707 817 926 882 confusionem
946 819 1047 900 pariat
1062 823 1092 881 et
1107 819 1246 901 inducat,
1267 827 1393 908 expedit

94 915 156 972 acta
186 909 351 972 homiuum
381 909 525 990 sigillatis
551 907 693 992 apicibus
712 909 856 971 eternari.
898 905 944 970 Ea
966 913 1092 990 propter
1120 915 1243 976 noverit
1262 935 1393 998 presens

93 1007 153 1062 etas
182 1000 347 1063 hominum
374 1006 406 1063 et
433 1002 466 1062 in
490 998 613 1062 Christo
640 1001 804 1081 posteritas
831 1017 1031 1077 successura,
1059 1001 1157 1082 quod,
1183 1023 1256 1068 oum
1286 1013 1393 1071 nostra

93 1090 217 1153 ecclesia
245 1109 416 1153 usurarum
448 1109 484 1152 ac
511 1089 645 1152 aliorum
668 1088 845 1153 debitorum
868 1108 962 1152 onere
983 1090 1252 1157 intollerabiliterb
1273 1116 1393 1179 preme-

93 1186 175 1243 retur
201 1199 259 1242 nec
287 1180 377 1242 aliter
401 1200 420 1242 a
444 1184 530 1241 tanta
558 1179 640 1242 mole
669 1181 731 1242 nisi
753 1198 808 1262 per
829 1179 1050 1242 alienationem
1072 1187 1251 1248 nostrarum
1271 1207 1394 1268 posses·

93 1272 214 1333 stonum
242 1289 300 1332 nos
327 1271 425 1333 eximi
454 1287 545 1353 posse
575 1271 776 1332 conmuniter
796 1269 1025 1348 iudicaremur,
1053 1271 1092 1334 de
1112 1273 1245 1337 consilio
1269 1281 1299 1339 et
1319 1297 1393 1341 con-

92 1379 183 1424 sensu
215 1361 381 1424 reverendi
411 1362 509 1443 patris
540 1363 639 1423 nostri
676 1361 795 1422 domini
826 1359 925 1422 Vlrici
963 1361 1100 1444 episcopi
1130 1361 1405 1450 Nuenburgensis'

92 1471 123 1512 uc
153 1451 297 1514 unanimi
323 1452 467 1514 omnium
496 1455 640 1514 nostrum
669 1468 827 1514 consensu
855 1455 886 1512 et
912 1469 1061 1532 expressa
1082 1451 1244 1517 voluntate
1274 1457 1394 1521 molen-

91 1541 200 1604 dinum
231 1547 376 1604 nostrum
406 1542 439 1602 in
470 1538 652 1622 Aldinburg
684 1559 757 1602 cum
790 1537 939 1602 omnibns
970 1540 1038 1602 suis
1068 1541 1276 1625 adherenciisr,
1311 1549 1395 1630 agris

92 1632 215 1712 scilieet,
236 1633 325 1712 areis,
346 1631 432 1712 ertia,
452 1629 628 1710 arboribus,
649 1649 760 1712 agrum
783 1631 914 1712 insuper
934 1635 1007 1694 ante
1028 1631 1160 1696 domum
1175 1635 1394 1717 piscatoriamc

90 1723 290 1787 Porteusium
312 1729 343 1786 et
364 1723 427 1810 duo
449 1722 568 1786 maldra
588 1721 740 1786 frumenti
759 1723 900 1804 perpetui
922 1739 1049 1801 census,
1071 1741 1133 1805 que
1153 1726 1188 1786 in
1211 1727 1392 1792 molendino

91 1813 278 1878 liertindorf
309 1812 492 1889 habuimus,
521 1813 579 1875 hec
611 1813 743 1896 inquam
769 1814 876 1874 omnia
905 1831 977 1876 cum
1010 1815 1098 1876 omni
1128 1816 1213 1895 iure,
1243 1818 1391 1900 dominio,

88 1905 285 1988 proprietate,
316 1904 529 1986 possessione,
564 1903 769 1984 proventibus
801 1922 837 1965 ac
867 1901 1058 1966 utilitatibus
1089 1906 1239 1970 omnibus
1262 1909 1391 1974 domino

87 1995 191 2060 abbati
213 2003 243 2058 et
263 1995 434 2056 conventui
457 1994 496 2056 de
517 1991 611 2056 Porta
632 2013 688 2076 pro
710 2002 800 2056 LXX*
814 1996 928 2056 marcis
951 1996 1073 2076 argenti
1090 1997 1301 2078 vendidimus,
1322 2017 1393 2083 pre·

87 2086 284 2149 sentavimus
314 2091 344 2146 et
370 2083 619 2146 contradidimus
647 2083 750 2164 tytulo
777 2086 975 2168 proprietatis
1004 2091 1153 2168 perpetuo
1175 2090 1394 2171 possidenda‘l,

88 2177 125 2238 de
157 2196 221 2258 qua
249 2181 354 2237 tamen
382 2193 508 2236 summa
534 2183 624 2236 Lxx²
646 2193 823 2236 marcarum
854 2175 1002 2238 dominus
1024 2173 1188 2242 Conradus
1217 2187 1395 2246 antecessor

87 2275 203 2345 noster,
224 2285 297 2328 cum
320 2273 427 2328 nostre
445 2271 584 2347 preesset
608 2265 746 2342 ecclesie,
767 2265 830 2326 iam
853 2265 975 2347 pridem
997 2275 1043 2328 LV
1062 2287 1184 2330 marcas
1207 2279 1395 2356 perceperat,

86 2358 227 2440 reliquas
246 2375 304 2418 nos
326 2353 510 2438 profitemur
531 2355 569 2416 ad
592 2355 749 2438 integrum
771 2357 954 2437 percepisse.
999 2355 1040 2420 Ut
1067 2358 1165 2441 igitur
1191 2360 1394 2425 huiusmodi

87 2455 268 2510 contractus
290 2451 353 2510 tam
376 2443 608 2507 racionabiliter
622 2451 829 2508 consumatus
845 2444 958 2508 firmus
971 2453 1002 2510 et
1016 2449 1228 2514 inconvulsus
1242 2460 1394 2536 perpetuo

86 2541 274 2621 perseveret,
294 2542 471 2618 presentem
493 2536 641 2617 pagiuam
663 2534 776 2598 abinde
798 2535 970 2598 confectam
994 2537 1097 2619 sigillo
1119 2545 1226 2604 nostro
1248 2550 1279 2604 et
1293 2543 1395 2624 sigillo

85 2627 217 2711 capituli
238 2626 338 2688 nostri
359 2625 493 2688 fecimus
515 2622 662 2686 roborari.
706 2623 771 2688 Nos
797 2645 924 2708 quoque
941 2626 1067 2690 Vlricus
1089 2629 1138 2692 dei
1159 2633 1265 2712 gracia
1287 2632 1396 2696 Nuen-

86 2717 260 2800 burgensis
282 2717 457 2799 episeopus,
478 2720 514 2778 ut
534 2717 657 2778 cunctis
677 2715 815 2797 liquidoe
846 2725 949 2798 pateat
975 2725 1170 2782 contractum
1196 2729 1397 2804 prenotatam

87 2811 127 2872 de
149 2817 258 2870 nostre
279 2806 410 2878 consilio
432 2813 462 2868 et
484 2803 841 2886 consensu'emauasse,
862 2825 917 2889 pro
939 2816 1106 2872 aucmento
1127 2809 1248 2875 roboris
1270 2833 1396 2896 presen-

83 2899 175 2962 tibus
211 2901 356 2960 nostrum
393 2895 533 2978 sigillum
568 2897 721 2959 duximus
753 2898 1001 2980 apponendum(
1054 2903 1135 2963 Acta
1164 2909 1241 2966 sunt
1270 2905 1327 2967 hec
1362 2907 1396 2968 in

84 2989 212 3054 Pascha
239 3007 323 3051 anno
344 2987 464 3050 domini
486 2995 701 3064 M⁰CCC⁰v1⁰,
722 2988 881 3050 indicione
902 2997 981 3052 llllt.
1022 2989 1129 3054 Huius
1151 2995 1196 3056 rei
1212 3001 1306 3057 testes
1322 3002 1398 3058 sunt
1466 3003 1469 3010 '

81 3082 238 3144 deminus
259 3077 423 3140 Cristanus
445 3077 542 3141 abbas
564 3079 664 3140 sancti
688 3077 822 3160 Georgii,
844 3077 1028 3142 Guntberus
1047 3083 1222 3146 monachus
1246 3090 1276 3148 et
1297 3105 1397 3149 came

82 3173 192 3234 rarius
213 3169 346 3246 ibidem,
368 3169 517 3232 domiuus
537 3165 709 3230 Heinricus
731 3169 769 3230 de
791 3167 953 3247 Wiaense,
975 3169 1103 3234 Vtricus
1126 3173 1164 3235 de
1186 3173 1397 3254 Botenstetea,

80 3261 252 3324 Henricus
274 3259 312 3322 de
333 3257 499 3341 Kamburg
531 3260 673 3341 perpetui
701 3259 810 3320 vicarii
833 3258 1097 3342 Nuenburgensis
1125 3263 1270 3344 ecclesie,
1291 3264 1397 3328 Fride·

81 3355 178 3414 ricus
198 3351 355 3434 plebanus
376 3348 565 3413 deDomina
585 3353 702 3426 nostra,
725 3347 889 3412 Conradns
910 3348 1013 3413 dictus
1030 3352 1068 3414 de
1079 3351 1168 3433 Foro,
1191 3353 1397 3418 Herma'uuus

77 3443 214 3506 dictush
235 3440 383 3520 deAlren,
404 3439 565 3504 Hemicus
587 3439 711 3503 sculteti
731 3439 1100 3522 ciresNueuburgenses
1121 3451 1152 3506 et
1177 3447 1397 3529 quamplures

76 3534 139 3596 alii
165 3531 227 3595 tide
248 3531 342 3613 digni.
368 3600 375 3619 Ι

161 3665 296 3720 ’domini
314 3665 382 3732 sebit
398 3663 428 3717 D
515 3653 739 3718 bintollabiliter
757 3661 786 3716 D
876 3663 1022 3718 cdomurn
1049 3671 1140 3733 spatior
1162 3669 1397 3737 riberpercbriebea,

75 3747 268 3821 piscatoriam
286 3745 316 3799 D
374 3737 387 3773 ἀ
406 3744 641 3816 possidendamD
659 3742 854 3814 possidendam
864 3744 927 3798 oder
935 3745 1171 3814 possidendumT
1231 3751 1242 3775 t
1261 3749 1364 3818 liquido
1376 3751 1401 3802 T

73 3821 377 3897 'appendendumT
444 3826 634 3880 ’‘Botenstets
655 3825 680 3876 Τ
750 3816 761 3850 ¹¹
782 3824 874 3878 dictus
891 3825 1004 3892 sclrltT

161 3955 242 4010 dnm.
280 3955 398 4009 Dicselbc
417 3954 512 4008 Malble
528 3955 559 4006 iu
578 3953 727 4020 Alte-robure
752 3953 851 4019 betrifft
877 3953 935 4005 elac
957 3953 1086 4006 Urlrunde
1109 3971 1160 4009 ann
1185 3960 1260 4014 1292.
1282 3957 1342 4010 Joli
1353 3963 1397 4025 29,

68 4037 124 4090 die
149 4039 209 4104 aus
223 4036 317 4103 Psortc
333 4051 405 4088 aanor
424 4035 554 4088 armachie
573 4035 668 4087 kairaco
686 4033 776 4101 Bezup
794 4033 851 4097 but,
869 4034 932 4084 aber
950 4033 989 4084 bei
1006 4033 1065 4086 dean
1080 4035 1230 4105 Uebcrpoap
1247 4037 1294 4110 der
1305 4039 1399 4092 Mrilrle

68 4137 116 4170 carr
140 4115 196 4169 das
214 4115 324 4170 Kloater
342 4115 488 4170 denraelbeu
507 4116 549 4168 ola
567 4113 820 4180 Racbtanucbsolyer
838 4114 883 4165 des
900 4113 1029 4178 lirtlrcrcn
1046 4113 1179 4170 Beaitacra
1196 4119 1336 4185 abpepebeu
1355 4120 1397 4172 iat.

66 4197 113 4250 Ira
146 4195 198 4250 der
230 4195 360 4250 Urbunde
394 4195 539 4262 (Hdrclrra
565 4195 590 4247 T
602 4185 662 4248 49¹³.
698 4193 811 4246 Druct:
834 4193 970 4247 Deutsctr:
998 4195 1081 4261 Wolff
1095 4195 1141 4262 ll,
1159 4201 1223 4263 235)
1251 4200 1398 4265 relocati-n

67 4277 206 4332 Konrod
225 4276 333 4344 tropat,
353 4276 484 4330 Heinrich
504 4275 584 4330 Prior
601 4275 660 4328 aad
678 4275 725 4328 dor
735 4273 860 4328 Koarcot
878 4291 928 4328 roo
947 4273 973 4328 S.
985 4275 1084 4330 Merita
1102 4277 1303 4350 iuNaumbnrp
1320 4281 1398 4332 aneu

67 4359 157 4410 Zim
176 4375 225 4411 nou
242 4357 290 4412 der
309 4356 404 4410 Mutata
421 4375 460 4410 aa
478 4357 556 4410 einen
575 4354 766 4424 Naumburyer
783 4355 891 4423 Bttrper
909 4353 1039 4420 ltonrad,
1065 4355 1202 4414 Sotades
1221 4360 1399 4412 zaratorbcrra

65 4437 216 4504 Bertold,
240 4437 300 4490 aad
324 4437 476 4503 malea,
503 4435 568 4490 acas
591 4438 629 4488 sic
652 4435 694 4487 die
717 4433 803 4500 dosdr
821 4433 1015 4503 empsoupouera
1044 4441 1077 4488 1⁸
1095 4437 1178 4490 Murk
1196 4440 1246 4492 mit
1263 4440 1400 4492 rerrruudt

66 4519 179 4570 haben
195 4517 234 4570 bri
250 4515 298 4571 der
308 4515 477 4585 Erwcrbrmp
496 4518 566 4568 eirea
582 4515 696 4580 Woldra,
715 4513 842 4566 Bucblr'tc
855 4521 984 4583 periurant.
1022 4518 1202 4584 (Zaletstcrer
1215 4519 1264 4586 rpl.
1274 4519 1399 4587 lapsine,

62 4595 257 4663 [casina
277 4599 349 4663 115.)
394 4596 488 4650 Testes
512 4595 596 4650 huius
622 4595 659 4648 rei
687 4599 753 4647 srtnt
780 4593 910 4646 dominus
932 4595 1042 4648 Vlricus
1061 4596 1095 4650 de
1114 4597 1239 4666 Uolditz,
1268 4599 1398 4654 dominus

1141 4690 1197 4746 26*
