3402 5152
582 391 789 452 armar-lae.
809 391 886 454 1309.
1332 397 1385 458 405

85 548 160 611 bona
189 548 249 610 sita
274 553 350 611 sunt
377 549 410 610 in
439 567 519 632 pago
546 547 621 610 ville
650 548 837 632 dldenburg
864 549 972 611 sitam⁰
1001 546 1073 626 (sio)
1103 549 1193 611 iuxta
1224 551 1383 616 civitatem

83 639 265 721 Nnenburg
287 639 432 702 videlieet
453 639 634 720 qirindecim
657 659 842 722 agroscam
866 639 956 718 areis,
982 639 1103 702 silvetis
1124 645 1154 701 et
1176 639 1294 704 salictis
1314 646 1385 707 atti-

83 728 245 804 nentibus,
273 747 354 811 quos
376 728 557 792 Gerhardus
578 729 682 792 dictus
704 729 742 792 de
765 729 864 808 (lyco,
891 729 965 790 item
994 729 1106 812 viginti
1129 731 1273 813 quinque
1293 751 1385 814 agros

82 839 151 882 curn
180 820 277 892 areis,
306 819 426 882 silvetis
454 827 484 881 et
514 819 646 896 salictis,
674 839 755 902 quos
777 818 936 880 lohannes
953 819 1057 881 dictus
1078 819 1281 899 Wtssenfeb,
1308 825 1382 886 item

81 910 186 972 decem
209 928 301 991 agros
321 928 394 972 curn
417 911 512 990 areis,
540 909 661 972 silvetis
687 915 718 972 et
739 910 873 986 salictis,
901 927 982 991 quos
1002 909 1150 972 dominad
1171 911 1252 974 dicta
1273 911 1385 998 Breyt-¹

81 1000 192 1077 fusim,
213 1002 287 1062 item
310 1000 491 1083 quindecim
515 1019 607 1082 agros
628 1021 701 1064 curn
721 1003 816 1081 areis,
838 1001 958 1064 silvetis
980 1007 1011 1062 et
1031 1002 1162 1078 salictis,
1189 1005 1285 1086 qunsl
1308 999 1384 1086 Dytss

82 1109 188 1153 marus
209 1088 362 1167 Riseneri‚
382 1091 457 1153 item
480 1092 623 1173 quinque
645 1110 737 1174 agros
758 1111 830 1154 cunr
854 1092 943 1170 areis,
964 1091 1085 1154 silvetis
1106 1098 1137 1154 et
1157 1093 1283 1172 salictis,
1305 1115 1385 1178 quos

81 1181 194 1242 Petrus
224 1182 327 1243 dictus
354 1180 532 1261 Breylfus⁸‚
566 1184 640 1246 item
674 1184 818 1266 quinque
849 1201 941 1264 agros
975 1201 1048 1244 cum
1077 1185 1173 1262 areis,
1204 1184 1323 1248 silvetis
1355 1195 1386 1250 et

81 1273 211 1347 saliaria,
239 1291 319 1354 quos
339 1271 526 1335 Christanus
548 1271 704 1350 Eretrici,
731 1274 786 1354 qui
808 1291 919 1335 omnes
939 1273 1069 1354 predicti
1092 1273 1228 1356 predicte
1250 1277 1385 1341 civitatis

83 1361 106 1422 N
113 1362 260 1444 neuburg
281 1361 429 1444 oppidani
451 1361 581 1424 anobis
602 1381 638 1424 ac
662 1364 779 1424 nostris
800 1362 1055 1445 progenitoribus
1075 1364 1201 1446 singula
1215 1367 1334 1448 singuli
1351 1369 1382 1431 in

81 1451 172 1514 leudo
208 1452 403 1530 habuerunt,
433 1472 512 1534 quos
539 1452 668 1536 quidem
699 1471 773 1516 curn
799 1453 947 1535 predictis
975 1453 1126 1516 conisae
1147 1455 1296 1520 omnibus
1317 1461 1384 1521 suis

81 1543 276 1626 appendiciis
303 1543 336 1605 in
364 1545 415 1606 ins
441 1549 472 1606 et
500 1543 678 1606 dominium
707 1543 919 1626 predictorum
950 1544 1167 1626 religiosorum
1198 1565 1272 1609 cum
1298 1551 1385 1612 omni

80 1635 149 1695 iure
169 1653 207 1696 nc
229 1633 460 1712 iurisdictione,
484 1634 567 1715 qnod
587 1633 679 1696 nobis
700 1635 732 1696 in
756 1633 873 1696 eisdem
896 1633 1106 1716 competebat,
1133 1637 1387 1702 transfundimus

80 1729 109 1785 et
128 1723 349 1786 transferimus
369 1741 426 1806 per
446 1729 620 1804 presentes
647 1723 912 1787 abrenunciantes
934 1726 1083 1787 omnibns
1104 1725 1245 1806 iuribus
1274 1729 1387 1793 usibus

79 1821 109 1875 et
132 1812 331 1892 utilitatibus,
351 1831 414 1894 que
436 1811 607 1876 habuimus
630 1815 663 1875 in
680 1813 807 1876 eisdem.
843 1812 980 1896 Insuper
990 1814 1212 1878 addiciendnm
1225 1816 1387 1900 duximus,

79 1903 181 1985 quod,
209 1905 234 1966 si
262 1902 369 1964 salicta
395 1903 534 1988 predicta
560 1904 593 1964 in
615 1903 744 1966 novales
765 1922 857 1984 agros
878 1904 1003 1967 redacta
1030 1905 1164 1968 suntad
1186 1912 1385 1989 pretaxatum

79 2011 249 2056 numerum
279 2012 444 2074 agrorum,
473 2011 546 2075 sepe
572 1993 664 2056 dictis
684 1993 835 2056 fratribus
857 1994 984 2057 nullum
1006 1995 1154 2058 volumus
1176 1999 1384 2079 preindicium

76 2083 232 2164 generari.
275 2081 446 2166 Cupientes
468 2083 583 2144 nichilo
605 2085 713 2145 minus
735 2083 853 2146 eisdem
876 2104 895 2145 a
915 2084 1032 2147 futuris
1054 2085 1210 2168 permulta,
1232 2107 1294 2170 qne
1311 2091 1386 2152 oriri

77 2181 217 2257 possent
239 2174 415 2236 studiosius
436 2173 600 2256 providere
621 2173 812 2236 donaciones
826 2193 883 2240 seu
899 2175 1102 2238 vendiciones
1120 2197 1387 2263 quorumcunque

77 2265 250 2344 bonorum,
277 2283 339 2346 que
365 2264 460 2326 iidem
483 2263 627 2346 ¹religiosi
654 2283 672 2325 u
694 2264 810 2325 nostris
830 2265 1085 2346 progenitoribus
1105 2273 1136 2328 et
1157 2286 1176 2328 a
1197 2267 1289 2332 nobis
1310 2271 1387 2354 ipsis

76 2373 274 2438 quocunque
304 2354 417 2417 titulo¹¹
445 2356 607 2416 consecuti
638 2359 726 2433 sunt,
751 2359 837 2416 'ratas
865 2363 894 2416 et
924 2360 1029 2437 gratus
1051 2355 1166 2419 babere
1188 2357 1387 2423 decrevimus

75 2454 108 2510 et
132 2443 333 2529 presentibus
352 2437 588 2507 confirmamus.
631 2443 733 2525 Super
759 2444 923 2506 evictionis
952 2463 1087 2528 quoque·
1102 2451 1133 2510 et
1154 2449 1385 2512 warandiarum

75 2539 234 2600 caucione
263 2537 406 2598 omnium
440 2535 650 2617 predictorum
679 2534 833 2596 bonorum
868 2535 1065 2599 iusticialiter
1091 2537 1233 2600 facienda
1265 2556 1323 2602 nos
1352 2542 1386 2602 in

72 2628 217 2691 solidum
249 2646 288 2690 ex
319 2625 572 2710 certalscieneia
603 2622 790 2706 obligamus.
838 2623 879 2686 ln
911 2627 1004 2688 cuius
1033 2628 1077 2688 rei
1104 2628 1325 2692 certitudinem
1357 2637 1387 2692 et

72 2721 233 2782 maiorem
260 2717 455 2779 evidencianr
481 2715 693 2798 predictarum
723 2715 866 2776 oninium
898 2715 1053 2778 bonorum
1074 2737 1212 2800 presens
1234 2721 1386 2802 scripturn

71 2813 216 2892 desuper
243 2807 421 2869 confectum
447 2804 625 2886 sigillorum
651 2807 832 2867 nostrorum
861 2808 1039 2869 munimine
1065 2807 1218 2872 duximus
1238 2809 1388 2872 roboran-

69 2901 167 2963 dum.
210 2896 327 2960 Datum
357 2899 388 2958 in
411 2895 533 2958 Misena
565 2915 649 2958 anno
676 2895 795 2957 domini
820 2904 1021 2974 M⁰CCC⁰]X‚
1046 2897 1146 2978 pridie
1173 2916 1274 2960 nonas
1296 2897 1388 2961 Octo-

69 2991 154 3052 bris.
205 2987 312 3050 Testes
343 2993 420 3049 sunt
449 2986 598 3049 dominus
629 2985 802 3050 Heinricus
830 2985 1011 3068 capellanus
1037 2993 1145 3048 noster
1172 2986 1325 3069 plebanus
1354 2990 1387 3050 in

65 3079 245 3156 Lisenitz‘,
267 3076 419 3140 Albertus
446 3076 536 3140 miles
558 3077 597 3140 de
618 3075 754 3156 Manen,
775 3075 951 3138 'Bertoldus
973 3075 1011 3138 de
1031 3074 1197 3156 Roschit2‚
1225 3075 1388 3140 conradus

65 3177 99 3235 et
131 3169 347 3234 Theodericus
380 3167 492 3230 fratres
521 3167 558 3230 de
585 3165 720 3247 Munen,
749 3165 975 3230 Hermnnnusl
999 3166 1037 3228 do
1065 3165 1187 3230 Olsnita
1215 3168 1388 3231 advocatus

62 3261 181 3325 nostri
203 3258 366 3323 castellani
388 3258 421 3319 in
442 3255 647 3320 Hortenstein
661 3263 699 3320 'et
720 3255 773 3319 alii
795 3277 891 3340 quam
913 3257 1041 3339 plurimi
1063 3256 1125 3320 tide
1146 3258 1242 3338 digni.

148 3376 162 3402 ³
181 3382 210 3430 et
232 3373 336 3428 Albero
360 3371 481 3439 sehltT
597 3363 609 3399 l
627 3371 764 3426 donamus
784 3372 883 3426 damus
903 3373 932 3428 D
1047 3373 1183 3426 ⁰Ebenso
1207 3375 1239 3426 in
1265 3373 1386 3428 Nemo.
1453 3329 1457 3344 ἱ

61 3449 224 3513 “datar
329 3453 513 3507 ubreitiutten
537 3453 567 3506 D
675 3445 683 3478 ¹'
700 3468 754 3522 que
780 3453 805 3505 Τ
908 3451 1058 3507 t'breittull
1082 3453 1113 3506 D
1220 3444 1230 3480 '¹
1251 3453 1393 3508 tittuloT

61 3543 65 3568 ¹
90 3537 222 3595 [aesnicz
238 3537 269 3590 D
338 3525 351 3562 k
370 3531 511 3588 Hern‘rr'aus
533 3533 559 3586 T

611 3624 861 3634 uun*

57 3737 199 3822 1309.
226 3731 416 3817 blitober
434 3731 475 3812 a.
506 3727 706 3811 Melssen.
1296 3729 1386 3811 432,

157 3871 337 3946 Hermann,
364 3866 449 3931 Οἰίο1
468 3867 537 3928 trad
559 3865 673 3930 Albern
695 3865 904 3946 Burpprofen
925 3884 984 3927 ron
1006 3864 1145 3928 Meisscn
1169 3863 1274 3926 lusson
1296 3869 1389 3928 ariter

109 3964 359 4042 Ucbertrapunp
382 3960 435 4022 des
450 3956 688 4020 Ledensreclates
708 3958 784 4020 libor
806 3954 954 4034 3Hufen
975 3955 1010 4018 in
1029 3955 1084 4018 der
1094 3955 1182 4018 Flu-r
1201 3955 1255 4017 des
1274 3953 1391 4035 Dorfes

99 4055 295 4132 Aldcnburq
319 4051 385 4133 auf
410 4049 469 4111 rius
491 4045 619 4112 Kloster
642 4047 750 4127 Psortc
775 4045 926 4107 diesclbcn
955 4046 1023 4107 den
1045 4044 1184 4126 Biscliot'
1205 4043 1311 4108 litant
1332 4066 1390 4108 ron

101 4145 311 4225 Naumburp
331 4145 397 4224 nais
411 4144 468 4204 mit
488 4143 544 4205 der
564 4140 651 4202 Bitto
669 4139 714 4199 sic
735 4136 803 4199 dom
826 4133 948 4199 Kloster
972 4133 1078 4217 Psoric
1097 4137 1299 4215 auertetpnen.

231 4261 368 4314 Hdeolun:
385 4260 416 4313 D
428 4248 482 4312 60¹J
501 4258 550 4310 mit
568 4237 615 4308 der
637 4253 828 4320 Uebcmcirrilt:
854 4251 973 4308 Iuvenes
998 4253 1033 4308 dc
1052 4253 1144 4306 blisna
1165 4253 1305 4324 b‘urgravr'i
1326 4254 1389 4308 resi-

278 4346 367 4412 gnant
394 4346 449 4394 tres
478 4353 588 4390 mansos
613 4337 640 4388 in
665 4333 823 4402 aldinburg.
866 4334 1025 4386 *descendam
1049 4335 1120 4386 rancia
1144 4333 1258 4386 o-nderer
1281 4332 1391 4401 Vorlupe

279 4424 484 4489 orifiqenommen
503 4420 533 4470 in
550 4417 593 4470 die
616 4417 679 4468 lr'rla
696 4414 722 4466 d.
733 4414 859 4478 Br'sclmfs
884 4413 978 4466 turrea
995 4432 1045 4467 mm
1065 4414 1227 4481 Nnumburp
1244 4432 1266 4470 r,
1277 4413 1303 4470 J,
1315 4417 1391 4465 1311.

282 4487 687 4564 Febr.17(Nr.436):Dool
708 4496 760 4560 (m.
779 4493 875 4549 Por-tat
895 4493 964 4560 (Dr)
984 4495 1042 4546 aaa
1061 4484 1116 4546 cal
1136 4483 1216 4558 (nt).
1248 4493 1326 4547 rac.

231 4595 344 4648 Druck:
365 4591 499 4648 Deerat:
525 4590 610 4657 Wolff
623 4589 664 4654 II,
683 4591 743 4640 334.

117 4691 391 4743 (immurmures,
407 4689 550 4732 annunt.
1156 4675 1190 4728 27
