3400 5148
311 368 360 420 174
679 361 907 416 Urknndenbuclr
927 361 974 416 des
993 361 1119 416 Klosters
1137 359 1240 414 Plorte.

308 525 370 578 tam
406 514 544 578 debitam
574 532 667 593 quam
701 522 838 594 paratam
868 514 908 576 ad
937 513 1090 593 obsequia
1118 513 1321 574 voluntatem.
1369 509 1484 574 Vestre
1512 509 1595 590 signi-

306 608 441 668 ficamus
461 603 684 669 dominacioni.
707 603 792 683 urrini
814 603 895 666 dum
916 623 1043 664 mensos
1064 604 1096 665 in
1115 601 1187 664 rilln
1205 609 1237 664 et
1252 621 1331 682 pago
1349 599 1595 678 Hanschesleybe

307 698 398 764 sitos,
425 714 505 776 (piros
531 713 549 754 n
575 692 664 754 volns
691 693 759 754 inre
791 693 953 755 terruimus
981 692 1098 755 feudali
1119 700 1151 754 et
1172 711 1189 752 n
1211 690 1302 752 nobis
1324 690 1506 758 (fcrtrudis,
1527 709 1596 750 uror

306 785 429 850 ailberti
456 791 666 864 cognomento
688 781 795 853 Valir,
822 793 853 846 et
881 782 969 844 filins
994 782 1063 844 eius
1084 781 1242 844 Iohannes
1271 779 1382 842 tetidem
1408 780 1478 842 inre
1500 786 1596 840 terrue-

307 883 394 945 runt,
420 873 450 934 in
482 891 594 933 uranus
626 877 750 932 nostras
776 873 974 952 resignantes
1002 869 1130 932 dominu
1158 867 1263 931 abbati
1293 868 1332 930 de
1361 867 1456 930 Porta
1482 874 1514 930 et
1534 886 1596 928 11111-

307 964 415 1026 rentui
440 962 479 1024 de
502 966 610 1022 nostro
635 959 812 1022 rolinrtorio
834 979 992 1022 consensu
1016 959 1236 1022 vendiderunt.
1278 956 1344 1020 Nos
1370 957 1472 1018 eciam
1494 975 1596 1018 eorun-

306 1055 378 1116 dem
412 1050 559 1134 precibus
589 1049 732 1112 inclinati
764 1050 924 1131 predictos
956 1049 1035 1110 alnos
1068 1067 1196 1110 mansos
1229 1046 1371 1109 unanimi
1399 1052 1431 1108 et
1457 1045 1595 1108 concordi

307 1145 468 1208 voluntate
490 1160 546 1222 per
567 1159 695 1202 manum
718 1137 894 1202 Hermanni
915 1139 954 1202 de
977 1137 1246 1218 Weringesbusen
1275 1137 1476 1219 presencium
1499 1147 1597 1198 tenore

307 1234 504 1315 resignamus
524 1237 698 1310 rogantem,
722 1237 757 1290 nt
778 1229 906 1292 eosdem
928 1247 1056 1290 mansos
1074 1227 1181 1290 abbati
1205 1234 1237 1289 et
1257 1226 1429 1290 conventui
1451 1226 1492 1288 de
1515 1226 1596 1288 Portu

307 1321 480 1404 dignemini
497 1320 697 1382 confirmare.
729 1317 999 1398 Recognoseimus
1014 1319 1115 1381 eciam
1128 1322 1160 1380 et
1172 1315 1372 1399 presentibus
1388 1321 1598 1398 protestamur,
1687 1335 1688 1382 1

310 1412 393 1493 11111111
426 1410 554 1474 domino
585 1409 738 1472 Heinrico
770 1407 879 1470 Hacke
911 1408 950 1470 nd
983 1408 1042 1470 hoc
1066 1407 1130 1468 fide
1161 1405 1367 1489 corporaliter
1392 1406 1522 1487 prestita
1549 1425 1599 1466 nos
1682 1420 1687 1479 5

308 1502 528 1581 obligavimus,
551 1499 645 1579 qumi,
667 1497 850 1578 ubicunqne
871 1496 1193 1581 preterflirsfeldiam
1217 1495 1312 1558 vestri
1333 1496 1475 1576 copiamb
1493 1495 1599 1556 baben·

310 1591 506 1674 potuerimus
534 1597 566 1650 et
589 1586 628 1648 ab
656 1587 767 1650 eodem
797 1587 925 1649 domino
950 1587 990 1650 H.
1019 1586 1187 1668 premuniti
1213 1585 1383 1658 fuerimus,
1410 1585 1600 1666 sepedictus
1687 1626 1688 1656 1

307 1682 387 1742 dnos
408 1697 536 1741 nransos
557 1679 589 1740 in
607 1696 721 1739 manns
738 1683 858 1739 uestras
876 1675 1083 1758 personaliter
1100 1676 1261 1756 resignare
1277 1673 1457 1738 debeamus.
1491 1673 1599 1736 Datum
1687 1681 1690 1748 ’ζ

306 1787 389 1832 anno
419 1763 780 1842 1101111111111“Ὀ1“(ἸΛἸ“Ἱ
817 1776 866 1828 Vll
900 1766 1052 1830 kalendas
1083 1765 1289 1832 Novembris.
1322 1763 1522 1846 presentibus
1552 1765 1600 1828 eis.
1688 1759 1690 1786 ⁵

308 1876 444 1940 quornm
466 1856 596 1918 nomina
617 1862 692 1917 sunt
711 1854 902 1938 subscripta:
932 1855 1105 1918 Heinricns
1126 1854 1236 1917 Haclre
1258 1860 1290 1916 et
1310 1853 1397 1916 filius
1418 1855 1488 1916 eius
1511 1853 1600 1915 Heiu-

308 1949 407 2024 ri‹·ns‚
435 1944 642 2008 Eckehardns
662 1943 750 2006 filius
770 1944 922 2007 Iohannis
944 1946 981 2008 de
1005 1945 1142 2020 flellese,
1171 1944 1355 2006 Hermonus
1374 1943 1602 2022 deWennpes-

306 2038 421 2110 liusen,
444 2034 615 2098 Heinricus
635 2033 673 2096 de
695 2033 812 2112 Nothe‚
832 2035 930 2097 frater
951 2034 1099 2112 lareribus,
1120 2035 1217 2095 frater
1238 2032 1442 2096 Hermannus
1463 2033 1601 2094 mirri-ersi

304 2128 346 2188 de
373 2126 465 2190 Porta
485 2123 589 2188 etalii
611 2143 707 2203 qnam
730 2122 846 2206 plures.

376 2251 387 2276 ²
409 2254 537 2318 rogantes
590 2236 603 2276 ¹³
620 2245 729 2316 capiam

831 2373 1030 2380 ——a-
1034 2374 1079 2380 .—

309 2521 421 2604 1256.
449 2517 689 2602 November
714 2519 754 2601 4.
897 2455 898 2458 Ν
1524 2519 1605 2603 153·
1691 2479 1693 2520 ³

396 2659 522 2720 Wcrocr
549 2655 626 2730 Ate,
661 2655 786 2720 Arnold
810 2658 965 2732 Decbaat,
997 2655 1134 2720 Konraaf
1163 2655 1275 2737 Propsl
1300 2657 1369 2720 aad
1398 2658 1457 2722 das
1479 2654 1606 2737 Kapitel

347 2747 400 2808 des
420 2743 562 2808 Klosfers
576 2743 722 2821 Hersf'eld
742 2746 851 2824 eipueu
873 2747 953 2808 arada
977 2744 1179 2824 Rasiprroffon
1200 2767 1259 2809 aori
1283 2747 1400 2810 chrrss-
1420 2748 1490 2810 nnd
1501 2747 1607 2826 After·

348 2835 560 2914 lefamfrifqem
590 2853 685 2913 peperi
716 2837 783 2898 eiras
803 2835 960 2915 jddrlicbe
987 2836 1110 2914 Abqade
1135 2856 1193 2898 vora
1219 2841 1242 2900 2
1265 2835 1377 2917 Pseud
1406 2837 1515 2902 nuato
1539 2837 1607 2897 dero

349 2923 475 2988 Kloafcr
493 2923 601 3004 Pt'orfe
623 2923 768 3004 allutea
789 2926 823 2986 in
839 2925 1047 2988 Heascfrlebcn
1069 2945 1119 3000 aa,
1141 2925 1192 2987 dic
1211 2926 1349 2989 dasselbe
1371 2946 1429 2990 troo
1440 2925 1608 2996 Jotuums,

348 3015 415 3076 dem
438 3012 538 3078 Solane
557 3013 611 3075 des
630 3013 790 3077 Jolauoes
810 3033 869 3076 uon
887 3013 1105 3088 Hensebfebeu,
1128 3015 1281 3076 erworbeu
1301 3015 1363 3082 aaa

456 3145 590 3202 uatem:
609 3146 640 3200 n
656 3137 708 3200 eah
727 3149 777 3212 (tu.
790 3147 866 3214 ver).
899 3148 923 3200 r
938 3137 1013 3205 156⁸.

458 3252 573 3307 Dauus
594 3251 729 3306 muca:
753 3253 836 3320 norff
851 3253 893 3319 11,
914 3256 956 3310 er.

387 3379 424 3445 In
451 3381 580 3444 nomine
608 3385 715 3443 sancte
742 3385 774 3443 et
801 3379 966 3445 individue
995 3381 1151 3444 trinitatis.
1198 3379 1396 3445 Wernherns
1428 3381 1478 3443 dei
1508 3381 1610 3462 graba

308 3470 418 3550 abbas.¹
451 3470 614 3534 Arnoldus
636 3471 793 3540 decanus,
825 3469 993 3533 Comedus
1026 3471 1206 3554 prepositus
1237 3477 1403 3553 totumque
1434 3471 1608 3554 capitulum

308 3559 544 3628 Hersfeldeusis
570 3560 703 3623 ecclesie
729 3559 887 3622 universis
917 3559 1030 3622 Clnisti
1059 3559 1211 3624 fidelibus
1236 3561 1477 3646 imperpetuum.
1525 3559 1610 3636 Quo

309 3651 392 3713 niam
415 3669 466 3712 res
489 3650 518 3711 in
543 3655 683 3731 tempore
704 3656 772 3712 acte
794 3650 893 3712 cicius
913 3669 931 3710 a
949 3650 1135 3713 mortalibus
1156 3649 1309 3712 oblivioni
1331 3649 1526 3720 traduntur&
1548 3649 1610 3710 nisi

309 3740 488 3803 testimonio
518 3739 746 3820 scripturarum
774 3738 890 3800 noticie
917 3745 1114 3820 posterorum
1136 3739 1320 3820 diligentins
1338 3739 1612 3801 eonnneudentur.

311 3829 380 3890 idco
406 3835 470 3889 tam
497 3826 698 3909 presentibus
729 3846 823 3907 quarn
850 3828 966 3889 futuris
993 3837 1102 3889 notnm
1130 3845 1199 3890 esse
1231 3828 1376 3907 volumus
1403 3837 1434 3890 et
1455 3836 1612 3893 constare.

310 3917 404 3998 qnod,
424 3935 498 3980 oum
514 3915 611 3978 abbas
627 3923 658 3978 et
673 3922 850 3978 conventus
871 3917 1053 3978 monasterii
1069 3917 1107 3979 de
1123 3917 1219 3980 ,Porta
1233 3918 1463 3998 Cysterciensis
1481 3916 1613 3980 ordinis.

309 4005 572 4088 Nuenburgensis
593 4005 747 4085 dyocesis,
769 4005 958 4077 alahamrc,
979 4005 1046 4068 filio
1067 4006 1218 4070 Iohannis
1237 4008 1276 4070 de
1295 4007 1560 4072 Hentscesleiben
1583 4017 1613 4067 et

310 4095 485 4166 flertrndis,
505 4115 591 4157 nnnc
615 4095 857 4158 uxorisAlberti
877 4104 1086 4172 cognomento
1104 4096 1201 4175 Valir,
1223 4098 1303 4159 iliius
1322 4115 1449 4159 mansos
1480 4097 1511 4156 in
1533 4094 1615 4156 villa

310 4193 341 4246 et
368 4205 447 4267 pago
472 4183 735 4248 Hentscesleiben
762 4185 801 4246 de
832 4186 974 4246 nnmrimi
1003 4185 1164 4247 rolmrtate
1191 4207 1227 4248 ec
1254 4206 1410 4248 eorrsensn
1431 4183 1615 4250 lohrumisl’.

310 4273 433 4336 Albcrti
455 4285 486 4336 et
501 4275 662 4348 Iohannis,
684 4274 824 4335 filiorum
846 4275 965 4335 domini
986 4272 1137 4335 Iohannis
1162 4275 1200 4337 de
1222 4273 1469 4338 Heruersleiben
1492 4271 1616 4334 militis.

311 4382 347 4426 ae
374 4364 405 4424 in
433 4383 541 4426 eorum
573 4363 721 4425 manibus
749 4363 938 4444 resignatos,
968 4372 1061 4444 prout
1082 4364 1113 4424 in
1135 4363 1276 4445 ipsorum
1298 4363 1402 4426 littera
1424 4361 1615 4426 eorumdem

312 4453 469 4516 autentico
499 4453 602 4534 sigillo
630 4452 840 4514 conrmnnitac
869 4451 992 4532 plenius
1014 4453 1222 4521 contineturl,
1249 4473 1304 4534 pro
1328 4453 1464 4534 (lundam
1486 4469 1617 4514 summa

311 4543 444 4624 pecunie
476 4549 712 4622 comparassent
749 4550 779 4602 et
811 4541 886 4602 dicti
918 4542 1037 4606 mansie
1063 4543 1146 4618 inre
1165 4543 1366 4624 proprietatis
1397 4543 1437 4604 ad
1467 4547 1618 4602 nostram
