3390 5148
333 352 388 407 258
709 352 938 408 Urkundenbueh
956 355 1005 409 dea
1022 354 1149 412 Klosters
1167 354 1270 415 Pfcrte.

334 501 442 586 1275.
471 502 1009 605 [September-Denember.
1014 505 1042 608 ¹]
1546 506 1619 590 tel.

414 639 563 702 Beiram
584 640 659 716 All,
687 638 729 702 Η.
754 637 847 702 R‘ior
872 641 941 703 und
966 639 1021 704 der
1041 639 1188 704 Konvenl
1214 641 1267 704 des
1287 641 1427 705 Klosters
1448 639 1621 706 Paulinam

372 728 545 810 rrerkaufen
566 729 633 792 dem
650 689 778 793 kuste
788 729 897 810 Pforte
914 729 973 810 fiir
995 729 1063 810 3¹l2
1086 729 1185 794 Marll
1206 731 1273 793 eine
1293 730 1416 812 Hafa
1404 751 1439 794 m
1460 731 1620 803 Anemo,

370 816 479 882 welche
498 819 594 882 idaea
613 819 664 882 die
685 818 856 900 bisdolpen
870 819 1005 884 Inhaber
1025 819 1225 901 auspelassen
1244 820 1353 897 haben,
1376 819 1604 902 asperrumum.

481 955 617 1011 noan„-
636 958 667 1011 D
682 946 736 1012 aab
754 959 806 1023 (to.
816 957 984 1026 nerisca).
1013 958 1038 1010 r
1053 962 1113 1015 aaa.

479 1062 605 1117 muca:
625 1064 789 1129 Ammona,
814 1063 871 1119 ΗΒ,
882 1062 928 1116 aa
940 1062 987 1116 zu
1003 1063 1231 1123 memoror.
1252 1064 1387 1119 oenum·
1414 1065 1500 1133 Wolff
1513 1065 1555 1130 11,
1574 1069 1618 1121 roo.

409 1199 475 1263 Nos
496 1199 682 1264 Bertramns
703 1200 754 1264 dei
776 1203 883 1283 gracia
903 1201 1011 1282 abbas,
1033 1201 1073 1266 H.
1084 1202 1172 1285 prior
1194 1208 1342 1284 totusque
1357 1201 1619 1267 conventustlelle

329 1289 456 1352 domine
484 1289 615 1354 Pauline
647 1296 757 1352 notum
790 1309 858 1354 esse
890 1292 1037 1376 cupimus
1069 1290 1233 1370 omnimo,
1267 1291 1385 1374 quibus
1416 1311 1509 1356 nosse
1538 1293 1618 1355 fuerit

329 1383 535 1462 oportrmum,
565 1379 650 1460 quod
678 1399 736 1442 nos
758 1380 797 1442 de
819 1382 962 1444 unanimi
984 1399 1143 1444 consensu
1165 1388 1196 1444 ct
1216 1381 1283 1464 pari
1305 1381 1469 1446 voluntate
1491 1381 1619 1445 vendidi·

328 1488 399 1532 mus
420 1471 612 1532 monasterio
634 1470 781 1534 Portensi
801 1470 1032 1551 Cysterciensis
1053 1471 1174 1534 ordinis
1196 1489 1296 1534 unum
1318 1491 1464 1534 mansum
1486 1473 1576 1534 situm
1593 1471 1617 1531 iu

329 1559 403 1623 villa
427 1560 493 1622 sive
521 1579 602 1643 pago
625 1559 813 1638 Owerstete‚
841 1560 938 1624 fratre
959 1559 1145 1624 Merbotone
1167 1579 1322 1624 converso
1344 1561 1421 1624 dicti
1441 1560 1619 1624 monasterii.

327 1648 465 1731 opilione
493 1650 526 1711 in
549 1649 731 1729 Gernstete,
760 1650 862 1732 primo
892 1650 1021 1731 quidem
1050 1649 1125 1713 dicti
1147 1652 1248 1714 mansi
1272 1651 1323 1714 ins
1344 1651 1568 1714 hereditarium
1587 1648 1617 1711 ab

326 1737 477 1802 Heinrieo
513 1745 544 1802 et
564 1738 735 1816 Friden'oo,
770 1739 846 1802 filiis
874 1739 1034 1820 quondam
1056 1739 1200 1803 Heinriei
1235 1745 1446 1822 cognomento
1477 1739 1618 1803 Mooaohi.

296 1843 303 1858 ·
326 1847 381 1908 pro
402 1837 486 1890 lffl⁰¹
508 1829 623 1891 mareis
644 1829 776 1911 argenti,
797 1829 1000 1911 postmodnm
1022 1848 1097 1891 vero
1119 1829 1170 1892 ius
1191 1830 1434 1912 proprietarium
1457 1849 1475 1892 a
1496 1829 1618 1892 nobiset

324 1916 458 1980 ecclesia
484 1921 591 1980 nostra
617 1938 675 2000 pro
704 1916 806 1980 tribus
834 1919 949 1981 mareis
976 1927 1008 1980 et
1028 1917 1160 1980 dimidia
1180 1923 1392 2000 comparante.
1435 1917 1516 1982 Cum
1536 1919 1619 2000 igitur

323 2005 385 2068 iarn
421 2005 521 2068 dictas
554 2016 593 2070 111
622 2025 745 2070 marcas
770 2015 802 2070 ct
828 2007 992 2070 dimidiam
1019 2007 1234 2090 receperimus
1263 2014 1294 2072 et
1325 2009 1358 2070 in
1387 2027 1466 2072 usus
1498 2007 1618 2072 ecclesie

325 2103 430 2158 nostre
457 2094 577 2160 utiliter
605 2097 881 2169 comentariorum,
913 2095 1062 2160 videlicet
1095 2094 1261 2160 dimidium
1295 2116 1441 2162 mansum
1472 2098 1564 2162 sitnm
1592 2097 1617 2157 in

324 2183 515 2247 Gabenstete
536 2184 628 2248 iuxta
649 2183 711 2246 alia
731 2184 816 2247 bona
837 2191 945 2248 nostra
966 2185 1087 2248 eisdem
1108 2186 1331 2268 comparando,
1350 2205 1493 2250 necnon
1512 2193 1619 2268 etpre«

323 2273 399 2335 dicti
419 2273 460 2338 H.
472 2279 504 2336 et
515 2273 548 2338 F.
570 2273 691 2352 tratres,
715 2294 830 2338 uxores
852 2281 883 2338 et
904 2293 1015 2338 omnes
1036 2273 1169 2338 heredes
1191 2275 1385 2352 eorumdem,
1408 2275 1618 2359 qniprefatun

323 2381 469 2426 mansum
496 2383 515 2426 a
540 2363 633 2426 nobis
660 2368 691 2426 et
717 2363 851 2426 ecclesia
875 2368 985 2427 nostra
1009 2363 1079 2425 iure
1102 2367 1274 2426 tenuerunt
1295 2363 1502 2444 hereditario,
1527 2363 1618 2427 eidem
1675 2415 1676 2432 ι

321 2451 384 2514 imi
411 2451 584 2518 Owersteta
606 2473 712 2516 coram
742 2453 947 2516 universitate
973 2453 1166 2516 rusticorum
1193 2451 1335 2516 eiusdem
1363 2452 1438 2516 ville
1463 2451 1619 2516 renuncia·

322 2541 439 2621 verint,
468 2542 666 2624 resignantes
693 2541 830 2606 eundem
857 2562 1003 2606 mansum
1030 2543 1063 2603 in
1090 2561 1204 2604 manus
1230 2541 1364 2605 fratrum
1386 2546 1418 2605 et
1438 2543 1618 2606 nunciomn

322 2636 518 2710 nostrorum,
546 2630 695 2694 videlieet
721 2630 829 2693 domui
855 2631 1015 2694 Ekehardi
1042 2637 1073 2694 et
1094 2631 1201 2694 fratris
1222 2629 1401 2695 Salomonis
1428 2650 1446 2693 a
1471 2631 1563 2694 nobis
1586 2628 1617 2690 ad

323 2721 631 2798 hoedestinatorum
654 2721 721 2782 vice
743 2722 846 2782 nostri
864 2719 953 2784 fratri
970 2720 1149 2784 Merbotcni
1171 2725 1203 2783 et
1224 2720 1314 2782 fratri
1328 2719 1445 2783 Sifiido
1468 2719 1619 2784 conr-ersis

323 2811 362 2874 de
383 2809 480 2874 Porta
502 2810 571 2874 vice
593 2817 625 2873 et
645 2809 774 2874 nomine
796 2811 845 2873 sui
867 2811 1049 2873 monasterii
1070 2807 1333 2892 consignandum,
1352 2829 1411 2872 nos
1422 2829 1497 2892 sepe
1509 2810 1617 2872 diction
1674 2867 1675 2872 ,

322 2919 469 2964 mansum
495 2919 566 2962 cum
593 2900 680 2962 omni
709 2898 843 2963 utilitate
871 2907 902 2964 et
930 2899 1077 2962 omnibus
1111 2900 1177 2962 suis
1209 2899 1408 2982 pertinentiis
1435 2898 1570 2963 liberum
1594 2906 1618 2958 et

322 2989 503 3054 absolutum
543 2985 582 3052 ab
620 2989 707 3051 omni
744 2991 873 3072 angaria
908 2989 1077 3052 advocacie
1109 2995 1140 3052 et
1180 2989 1367 3072 perangaria
1398 2993 1618 3072 prememorato

321 3081 513 3143 monasterio
542 3079 686 3143 Portensi
713 3079 946 3157 contradimus,
972 3078 1233 3142 transfundentes
1263 3079 1293 3141 in
1322 3077 1527 3142 abbatemet
1554 3095 1620 3140 con-

321 3176 452 3233 ventum
480 3169 621 3234 eiusdem
653 3170 835 3232 monasterii
862 3188 955 3232 omne
982 3169 1032 3231 ius
1064 3175 1096 3230 el
1126 3167 1303 3230 dominium
1334 3179 1365 3230 et
1397 3169 1619 3250 proprietatem.

322 3279 383 3340 que
405 3259 498 3322 nobis
518 3263 549 3321 et
570 3259 762 3321 monasterio
784 3265 892 3322 nostro
920 3259 952 3320 in
976 3257 1088 3320 eodem
1110 3257 1332 3340 competebant
1363 3257 1410 3320 vel
1434 3259 1529 3321 etiam
1551 3274 1620 3338 quo·

322 3369 385 3430 quo
411 3349 505 3411 modo
536 3355 714 3430 competere
742 3349 893 3412 ridebant
880 3353 944 3426 tur
970 3348 1039 3411 iure
1062 3347 1268 3429 proprietario
1290 3351 1400 3431 perpet
1402 3366 1442 3409 uo
1464 3345 1619 3429 possiden·
1673 3353 1674 3358 ’

322 3439 407 3502 «lum.
451 3437 494 3502 Ut
515 3443 621 3500 autem
643 3439 811 3502 firnruset
831 3437 1040 3501 inconvulsus
1065 3443 1218 3520 perpetuo
1244 3443 1431 3520 permaneat
1455 3437 1553 3500 ludus
1571 3453 1620 3520 per

321 3529 427 3591 omnia
459 3535 550 3591 tenor
581 3529 669 3606 lacti
700 3547 831 3611 presens
860 3528 958 3610 script
960 3546 1012 3589 um
1047 3526 1122 3590 inda
1154 3527 1280 3590 coniect
1267 3532 1335 3590 turn
1369 3525 1482 3608 sigillis
1512 3525 1619 3590 nostri

320 3617 509 3681 communiri
536 3617 688 3680 iussimus
715 3625 745 3679 ct
773 3617 1005 3680 communitum
1033 3615 1234 3698 porreximus
1261 3615 1367 3679 abbati
1398 3624 1429 3679 et
1455 3610 1618 3679 conventui

320 3705 528 3771 Portensibus
560 3707 667 3807 sepius
692 3706 883 3770 memoratis.
937 3708 1018 3768 Acta
1049 3711 1123 3768 sunt
1153 3705 1213 3769 hcc
1245 3725 1328 3768 anno
1361 3705 1482 3768 domiui
1512 3705 1673 3798 111111ᾖ

319 3805 415 3858 Lxx⁰
428 3795 670 3875 V‚1nd1cione
692 3805 772 3871 11111,
793 3794 1129 3878 presentibusetltad
1151 3793 1210 3856 hoc
1233 3794 1366 3858 testibus
1388 3795 1551 3858 advocatis
1571 3791 1618 3856 eis.
1672 3799 1673 3839 1

321 3905 457 3966 quorum
494 3886 552 3949 hec
593 3893 668 3948 sunt
707 3886 850 3948 nomina:
893 3883 1051 3947 liudolfus
1090 3883 1128 3946 de
1163 3883 1336 3948 (liversteta
1372 3889 1405 3947 et
1436 3883 1524 3947 filius
1550 3901 1618 3945 suns

319 3974 492 4052 Rudolfus,
520 3975 692 4038 Heinricus
720 3975 818 4037 frater
844 3974 977 4058 predicti
1006 3973 1135 4036 Rudolti
1166 3979 1197 4036 et
1218 3973 1306 4036 tilius
1329 3992 1407 4036 snus
1428 3971 1619 4036 ludewicus

320 4063 496 4142 Cunradus,
518 4064 732 4139 Gothehidus,
754 4063 935 4128 Fridericus
956 4063 1217 4145 etBerrengerns
1238 4063 1352 4126 fratres
1374 4063 1412 4126 de
1435 4061 1619 4126 Gebinsteta

319 4155 374 4234 qui
395 4154 547 4218 excolunt
568 4155 602 4216 in
624 4153 807 4218 Gabinstate
831 4153 997 4216 dimidium
1020 4171 1167 4214 mansum
1188 4153 1336 4234 superius
1354 4159 1573 4215 memoratum.
1671 4179 1672 4192 ι

388 4289 399 4314 ²
417 4289 605 4344 conuertimus
626 4289 651 4341 Τ
702 4283 760 4342 ”at
777 4288 845 4355 fehlt
866 4287 890 4340 Τ

389 4391 399 4432 ¹
425 4393 519 4464 Wepon
537 4393 594 4454 ind.
609 4393 679 4450 1111.

847 4517 1095 4530 ’.ἡ
