3442 5148
309 375 342 426 44
686 372 914 428 L'rlruudenbuch
933 373 981 428 des
997 373 1123 428 Kloeters
1142 371 1244 431 Proroe.

309 526 518 606 possessionis
544 525 703 589 oblatione
730 545 837 588 coram
857 524 949 588 nobis
968 525 1088 588 ibidem
1108 525 1221 588 iterata
1243 524 1384 607 quolibet
1404 527 1474 590 iure
1496 547 1607 590 census

310 613 424 696 aliquis
454 617 500 678 eis
526 615 757 698 persolvendus
785 622 881 694 esset,
902 635 961 678 nos
982 617 1066 678 iusto
1087 613 1206 677 iudicio
1229 633 1322 677 omne
1342 614 1484 677 debitum
1506 617 1607 697 requi·

310 704 400 766 rendi
426 722 542 767 census
571 705 610 767 de
638 704 734 768 rebus
761 706 908 768 dominoc
931 705 1054 767 traditis
1075 703 1337 767 abiudicavimus.
1379 703 1491 786 Itaque
1513 705 1607 788 impe-

309 792 379 855 riali
402 794 588 856 auctoritate
610 795 837 856 confirmamus
859 794 1062 857 donationem
1084 813 1102 854 a
1123 793 1274 876 predictis
1301 792 1452 856 iratribus
1472 794 1607 876 legitime

308 885 435 962 laetam,
456 882 622 946 ueletiam
644 884 670 946 si
692 883 828 966 amplius
850 883 889 946 de
911 883 1029 966 prediis
1051 885 1117 947 suis
1138 883 1240 946 eidem
1263 883 1395 946 ecclesie
1415 883 1526 946 eodem
1543 885 1608 947 iure

309 972 469 1035 voluerint
497 974 650 1037 conterre.
693 973 738 1037 Ut
763 981 869 1036 autem
895 975 953 1036 heo
979 981 1011 1037 et
1035 978 1103 1036 rate
1124 973 1376 1054 inconvulsaque
1397 980 1608 1056 permaneant.

309 1063 423 1126 scriem
438 1063 519 1127 hano
535 1062 621 1126 balle
644 1070 749 1127 nostre
772 1064 969 1147 inpressione
990 1063 1136 1146 insigniri
1156 1063 1292 1126 fecimus
1311 1069 1494 1142 statuentes
1515 1069 1564 1131 ut.
1585 1065 1606 1126 si

310 1153 390 1232 quis
422 1152 507 1233 quod
533 1151 630 1223 absit,
660 1153 742 1216 hanc
773 1153 951 1216 cautionem
984 1153 1163 1230 violaverit,
1194 1162 1215 1214 L
1236 1151 1333 1214 libras
1363 1153 1431 1214 auri
1451 1153 1609 1236 purissimi

309 1241 483 1324 persolvat,
515 1242 742 1306 dimidietatem
775 1262 899 1306 camere
931 1249 1053 1318 nostre,
1085 1242 1311 1306 dimidietatem
1342 1261 1417 1305 vero
1443 1241 1608 1304 iamdicto

309 1331 451 1394 ecclesie.
493 1331 599 1394 Huius
626 1333 877 1395 confirmationis
903 1339 999 1396 testes
1027 1337 1101 1396 sunt
1123 1331 1195 1394 Otto
1222 1333 1363 1396 marchio
1390 1331 1561 1394 Misnensis
1582 1341 1610 1394 et

308 1421 422 1483 fratres
448 1419 517 1484 eius
539 1421 679 1485 marchio
698 1422 911 1485 Theodericus
932 1430 963 1485 et
983 1422 1073 1485 Dedo
1094 1441 1214 1500 comeS,
1242 1421 1462 1484 Hartmannus
1486 1427 1518 1484 et
1540 1421 1610 1484 Otto

308 1511 448 1591 itemque
475 1509 693 1574 Hartmannus
714 1512 753 1574 do
779 1511 1016 1589 Lobedeburon,
1038 1511 1222 1574 Meinherus
1242 1511 1451 1592 burcgravius
1472 1511 1511 1573 de
1529 1509 1611 1572 Win-

310 1600 418 1676 bene‘l,
444 1599 681 1664 Gadesohalous
709 1600 748 1664 de
775 1599 903 1678 Scudiz,
926 1601 1104 1664 blidericus
1125 1601 1163 1664 de
1186 1601 1396 1676 Owenbureh,
1419 1599 1610 1663 Adelbertns
1695 1606 1700 1661 l

310 1689 348 1753 do
369 1690 474 1770 Tura³,
501 1689 666 1753 Conradus
688 1689 883 1763 Ktsenlenos,
911 1691 1076 1754 Reinbodo
1098 1697 1130 1754 ct
1151 1691 1365 1754 Godescalcus
1387 1690 1426 1753 de
1446 1689 1611 1754 Lobende-
1642 1755 1645 1759 ,
1700 1669 1701 1680 ¹

310 1780 415 1857 eruor,
442 1779 604 1842 Gerardus
632 1779 671 1842 de
697 1779 956 1842 Brunncshoweh
985 1779 1093 1843 etalii
1123 1799 1218 1861 claram
1240 1778 1356 1862 plures.
1398 1778 1608 1844 Donationem
1695 1816 1699 1825 ·

310 1871 382 1931 (ltto
404 1869 545 1932 marchio
566 1868 738 1932 Misnensis
759 1871 905 1952 suscepit.

390 1968 523 2050 Signum
546 1968 667 2030 domnii
689 1967 841 2030 Friderici
863 1968 1078 2031 Romanorum
1101 1969 1299 2052 imperatoris
1320 1967 1544 2030 inin'ctissimi.k

389 2079 471 2140 Acta
489 2085 563 2141 sunt
580 2077 638 2139 hec
652 2079 683 2137 in
699 2075 906 2139 Aldenburch
921 2096 1004 2138 anno
1020 2076 1178 2139 dominice
1190 2076 1417 2138 incarnationis
1434 2083 1612 2142 MCffiXI.

310 2165 481 2230 indictione
507 2176 567 2244 XV,
592 2175 646 2228 ΗΠ
673 2165 746 2228 idus
771 2165 970 2244 Novembris,
991 2171 1144 2248 regnante
1166 2163 1611 2228 domno¹F1iderleoRoma

309 2274 423 2317 norum
452 2255 642 2338 imperatore
668 2255 912 2337 gloriosissimo,
943 2275 1026 2318 arina
1053 2257 1143 2336 regni
1169 2255 1237 2318 eius
1265 2263 1362 2332 XXX,
1387 2255 1512 2337 imperii
1536 2273 1611 2314 vero

309 2345 461 2407 XXt'llll.
510 2344 577 2427 Ego
607 2345 799 2408 Godcfridus
827 2345 999 2428 imperialis
1033 2345 1104 2408 aule
1135 2344 1344 2407 cancellarius
1375 2344 1444 2407 vice
1476 2343 1611 2406 Cristani
1701 2349 1704 2388 l

309 2433 488 2584 haiemim
507 2435 736 2586 preliiepiscopi
759 2441 791 2498 et
812 2435 980 2498 Germauie
1007 2433 1275 2496 archicancellarii
1300 2434 1478 2514 recognovi.
1519 2430 1614 2512 (Taat

309 2542 370 2584 ua·
453 2531 567 2598 creec.)
1701 2535 1702 2542 ’

380 2660 391 2684 ‘¹
420 2674 575 2712 mercamur
592 2658 722 2728 consequi
751 2659 779 2712 D
854 2650 866 2686 b
893 2656 1043 2712 stecclrowc
1061 2657 1119 2711 Μ’
1186 2657 1268 2711 ⁰deo
1287 2657 1343 2711 ΒΤ
1411 2647 1567 2709 “nerbono
1586 2654 1613 2708 D

310 2736 398 2790 ‘tuiz
418 2736 447 2790 D
464 2737 596 2792 '1¹11sz
659 2729 803 2792 ‘kiseliuc
822 2738 851 2791 D
913 2736 1132 2806 globedcberelr
1149 2737 1179 2790 D
1197 2736 1358 2792 Lobenberc
1382 2736 1405 2789 Τ
1462 2729 1475 2761 ¹¹
1499 2735 1612 2790 brunes·

310 2815 387 2870 bewe
405 2815 435 2869 D
489 2808 619 2871 ‘domiai
639 2818 695 2872 DT
746 2810 756 2844 l
780 2819 845 2885 (M.)
869 2818 893 2870 t*
919 2815 1265 2888 Signum-invictissimi
1285 2817 1352 2886 solut
1369 2816 1402 2868 ia
1421 2815 1479 2868 DT
1493 2817 1551 2882 aas
1563 2815 1613 2867 den
1701 2851 1702 2854 κ

310 2896 440 2949 adelam
457 2896 528 2950 Sata.
583 2887 589 2924 ¹
609 2896 721 2952 domino
740 2897 797 2951 DT

383 3003 393 3042 ¹
412 3005 485 3060 §tart
503 3006 630 3061 XXVII.

310 3239 405 3340 [un
438 3238 576 3341 usae
1556 3237 1613 3318 a.

392 3391 528 3471 Biselaof
551 3391 615 3456 Udo
637 3392 680 3454 ΙΙ.
708 3411 767 3455 von
795 3391 983 3473 Noambarp
1009 3395 1162 3474 etbcrpicbt
1189 3393 1257 3456 den
1284 3391 1410 3456 Kloster
1431 3393 1539 3472 l’sortc
1564 3392 1612 3452 clu

359 3481 518 3562 Weida'rbt,
549 3481 673 3544 sdrcabt
697 3481 762 3543 itm
790 3481 1002 3562 Basitauuqea
1030 3484 1064 3545 iu
1089 3482 1264 3546 Kutbewita
1293 3482 1362 3544 aad
1393 3482 1534 3560 ammoys
1565 3481 1614 3542 dle

352 3569 594 3651 Elatuascbaaq
613 3591 671 3634 voa
693 3570 905 3650 Besitranpcn
926 3574 961 3636 tn
984 3574 1176 3637 Katamrodc
1194 3573 1252 3635 ‘rote
1272 3572 1353 3634 aaut
1375 3572 1464 3635 ciaet
1483 3570 1613 3648 Verbup

351 3662 407 3724 mit
433 3661 500 3724 dem
529 3658 726 3741 Domlcupitcl
753 3681 793 3726 aa
825 3660 1013 3743 Noamburq
1046 3665 1116 3728 bctr.
1141 3661 1320 3742 Erboltaap
1351 3662 1435 3724 eines
1469 3659 1612 3724 Mittitu-

354 3752 449 3814 webrs
468 3773 500 3814 a.
516 3751 576 3831 apt.

462 3885 591 3942 Hdacbr.:
611 3886 669 3938 Dt
687 3887 738 3952 (aa.
753 3884 853 3955 Perta).
877 3887 901 3938 Τ
910 3889 948 3941 10.

462 3999 583 4056 macte
612 4001 725 4055 maaca
743 4000 773 4066 I,
792 4007 827 4056 33
845 4003 904 4069 (apl.
925 4001 949 4064 I,
969 4007 1021 4066 98).
1058 4002 1318 4075 Bertuclt-Sclmmel
1337 4002 1361 4067 I,
1380 4007 1416 4056 23
1433 4003 1493 4070 (cpi.
1515 4002 1539 4067 Ι,
1558 4005 1612 4065 62).

515 4080 597 4138 Thur.
608 4095 676 4138 sacr.
686 4084 746 4134 830.
765 4080 900 4134 Dcutccb:
925 4081 1008 4148 Wolff
1015 4081 1038 4146 1,
1051 4085 1106 4136 177.
1123 4081 1178 4148 Vpl.
1191 4081 1330 4150 Scbdttqen
1339 4085 1374 4134 48
1383 4083 1474 4147 (ubter
1486 4083 1613 4147 tblacltcm

510 4161 594 4214 dolare
614 4163 699 4228 1172).
737 4160 857 4214 &amas
876 4161 917 4224 ΙΙ,
935 4165 994 4214 250.
1033 4178 1053 4217 n,
1076 4161 1223 4224 Scbbnberp
1242 4165 1299 4213 145.

391 4285 426 4346 ln
460 4285 585 4348 nonnae
613 4297 719 4346 sancte
745 4291 777 4346 et
798 4284 963 4346 individue
986 4285 1143 4346 trinitatis.
1185 4284 1283 4346 Vdo¹1
1305 4286 1353 4347 dei
1377 4285 1483 4366 gracia
1504 4283 1613 4346 Nucu-

313 4374 479 4454 burgensis
490 4376 657 4458 episcopus
671 4385 748 4436 ΠΜ.
783 4373 938 4449 Qiioniam
955 4394 1011 4458 pro
1033 4375 1130 4436 (efficii
1154 4375 1253 4436 nostri
1276 4374 1426 4454 qualitate
1448 4391 1611 4436 serrorum
1703 4377 1704 4390 ¹

312 4465 362 4527 dei
388 4466 480 4526 iustis
509 4463 697 4527 utilitatibus
720 4462 906 4545 temporalia
935 4463 1076 4525 subsidia
1097 4464 1289 4527 ceillerendo
1312 4466 1439 4526 studere
1461 4463 1613 4527 debemus

311 4562 343 4618 et
368 4557 564 4620 auotoritau's
592 4561 698 4619 nostre
728 4555 860 4641 provida
886 4553 1009 4619 calitela
1035 4555 1165 4620 contrat
1195 4553 1294 4619 seculi
1321 4553 1479 4618 maliciam
1501 4552 1613 4617 collata
1703 4625 1704 4636 χ
