3402 5152
308 389 360 445 888
680 391 909 448 Urknndonbuch
928 393 976 448 des
995 394 1121 448 Klosters
1140 393 1243 450 Psorte.

377 503 627 596 ⁸Hermanndsl’
657 543 693 597 So
707 544 844 600 oacth.
853 549 907 599 386
924 543 962 613 D,
978 546 1095 617 dapepen
1106 543 1362 611 HeinemannnaT,
1381 546 1434 602 Nr.
1443 549 1497 600 383
1511 545 1596 600 Heinr-

307 638 427 676 mannua
445 621 476 675 D
510 622 714 678 Henemannue
739 625 765 678 T
832 615 941 696 bsigull
958 624 1033 680 DT

378 729 508 798 ¹Wepen
530 729 576 784 dea
598 730 690 784 realem
713 731 978 802 Zaaeammcnlronpcs
1002 734 1052 787 mit
1069 731 1122 787 Nr.
1132 734 1193 786 386.
1283 689 1389 786 'Dosa
1405 731 1453 786 der
1471 731 1547 786 Voter
1561 731 1598 785 der

305 810 337 862 in
355 807 407 863 Nr.
418 813 480 876 383,
500 814 553 864 384
570 809 631 864 mad
648 814 701 866 386
716 818 872 880 namnam
891 811 1056 867 Maraclrdlle
1074 829 1125 866 uon
1144 813 1244 866 Tlehro
1267 813 1336 868 noch
1355 813 1405 866 leot
1421 812 1482 866 mad
1499 813 1538 866 bei
1552 811 1598 865 den

316 889 449 958 Verhoafe
468 891 600 960 nondum
617 892 662 958 det,
681 892 812 947 erechenat
830 893 1060 960 anapescnzorsem
1078 893 1445 962 patruusnennenoielmelrr
1458 893 1600 947 inmaturo

306 969 469 1038 Bedentunp
488 972 548 1040 (992.
568 970 688 1040 Herqaet
705 974 736 1026 in
755 973 832 1026 Noae
850 973 978 1027 Mitthcil.
994 972 1021 1025 d.
1040 972 1232 1026 Their-Sticho.
1244 973 1354 1026 Vereins
1368 971 1462 1033 xm,
1481 975 1543 1041 312)
1566 973 1601 1024 dir
1680 961 1681 998 ³

307 1049 474 1104 Morechdllc
491 1067 542 1104 oon
561 1051 726 1108 Goaserstedt
742 1054 821 1107 ihren
839 1053 954 1107 doselhat
971 1053 1128 1106 erwdhntca
1144 1049 1229 1107 Vetter
1247 1051 1358 1122 Rudas
1370 1071 1421 1108 oon
1442 1054 1546 1120 arcora,
1562 1053 1601 1106 der
1680 1041 1681 1062 ¹

307 1129 365 1185 hier
382 1131 501 1200 aupleich
518 1131 562 1185 dic
573 1131 708 1200 jdnpcren
725 1132 836 1187 Biddon
853 1133 964 1188 amnti.
996 1133 1001 1138 '

834 1293 1084 1304 --.---.---

307 1307 474 1437 [trono
1520 1341 1603 1424 ree.

386 1469 554 1550 Heinrich,
582 1470 750 1536 Hennaea
777 1475 846 1538 aad
875 1475 1014 1538 Dictriclr
1036 1475 1232 1539 Marschd'llc
1257 1495 1316 1538 oon
1338 1473 1538 1539 Holzhausen
1564 1496 1604 1538 er-

338 1561 456 1674 ]cldren
477 1563 545 1626 ihre
566 1563 788 1644 Zarstimmunp
808 1584 849 1628 aa
871 1565 939 1645 dem
961 1565 995 1628 in
1018 1561 1077 1628 Nr.
1091 1567 1160 1628 386
1179 1565 1358 1628 erwdhaten
1377 1565 1541 1648 Varkanfe.
1609 1627 1617 1640 ,
1680 1569 1681 1572 ’

456 1700 589 1756 Hdochan.¹
608 1691 701 1755 D58b
720 1701 981 1771 (titllennendori).
1015 1693 1106 1757 T66b.

457 1792 582 1848 Droclte:
599 1794 710 1860 Beluae,
728 1793 980 1866 Herrnqooserstedt
996 1801 1040 1851 27.
1077 1795 1225 1880 Dentechr
1239 1796 1325 1864 Wolff
1340 1795 1383 1863 Π,
1401 1801 1462 1850 305.

387 1917 453 1980 Nos
474 1917 660 1994 HeinricuS,
681 1919 887 1984 Hermuunns
909 1927 940 1984 et
959 1921 1171 1984 Theodericus
1194 1921 1306 1985 fratres
1336 1921 1520 1983 merscholei
1541 1919 1609 1982 dicti

307 2008 346 2071 de
366 2005 563 2072 Holtzhnsen
594 2012 851 2094 recognoscimus
881 2013 981 2094 palam
1011 2011 1077 2074 fore
1098 2013 1262 2095 cupientes
1283 2009 1434 2074 omnibus
1453 2018 1610 2092 presentes

308 2099 427 2162 litteras
458 2099 660 2183 inspecturis,
701 2101 786 2183 quod
822 2102 979 2183 patrueles
1015 2102 1115 2164 nostri
1142 2099 1300 2164 Rndolfus
1332 2099 1548 2164 marschalcus
1577 2100 1611 2162 de

305 2186 440 2251 Trahere
466 2194 497 2251 et
518 2187 704 2269 HeinrionS,
734 2190 915 2255 Gerhardns
939 2199 970 2254 et
990 2189 1196 2256 Hermsunns
1217 2191 1292 2254 dicti
1315 2191 1352 2256 de
1374 2189 1611 2254 Lewensthein⁸

306 2278 479 2342 venerabili
500 2279 628 2342 domino
651 2279 840 2344 Theoderico
861 2281 967 2344 abbati
978 2281 1123 2344 Portensi
1145 2283 1204 2344 rite
1226 2300 1263 2344 ac
1284 2279 1519 2344 racionabiliter
1542 2300 1612 2344 cuni
1680 2301 1681 2320 ¹

306 2371 393 2431 omni
415 2372 484 2433 inre
507 2375 538 2432 et
558 2372 756 2454 pertinentiis
778 2372 845 2434 suis
868 2372 1079 2435 vendiderunt
1099 2391 1202 2434 unum
1223 2390 1372 2434 mansum
1393 2379 1424 2434 et
1446 2369 1610 2436 dimidium

243 2459 244 2462 ’
307 2461 403 2524 situm
427 2461 462 2523 in
482 2481 561 2544 pago
581 2461 655 2525 ville
676 2457 893 2540 Bannendorf,
919 2481 959 2523 ex
987 2460 1104 2544 quibus
1132 2462 1238 2544 ipsum
1260 2460 1405 2524 videlicet
1426 2481 1576 2524 mansum
1598 2481 1614 2521 a

307 2547 398 2613 nobis
425 2553 458 2613 in
486 2550 576 2614 feodo
601 2554 704 2615 tenuit
728 2550 857 2614 Osanna
882 2551 991 2614 rehctn
1012 2549 1171 2614 Lamberti
1198 2551 1236 2613 de
1255 2549 1427 2630 Threhare‚
1454 2551 1611 2635 reliquum

306 2659 381 2702 vero
409 2641 576 2704 dimidium
605 2662 754 2705 mansum
777 2640 1021 2705 Heinemnnuus
1049 2641 1087 2704 de
1109 2640 1320 2704 Wikerstethe
1349 2641 1482 2706 anobis
1505 2642 1615 2705 habuit

305 2732 375 2793 iure
401 2731 498 2794 simili
523 2731 666 2795 feodali.2
706 2731 792 2794 Huic
818 2737 924 2794 autem
951 2731 1130 2794 vendicioni
1162 2737 1225 2794 tum
1257 2731 1409 2813 legittime
1430 2737 1615 2795 consumete

307 2840 363 2903 per
393 2822 501 2884 omnia
531 2823 747 2885 consentimus
778 2842 846 2885 eam
878 2823 964 2885 omni
997 2819 1067 2883 dolo
1095 2823 1266 2905 postposito
1295 2821 1514 2905 approbantes.
1569 2821 1616 2884 Ad

307 2911 404 2974 huius
425 2913 642 2976 consensionis
664 2920 771 2976 nostre
792 2912 1076 2975 habundantiorem
1100 2911 1248 2974 noticiam
1272 2919 1450 2995 presentem
1469 2913 1615 2976 cedulam

307 3003 440 3066 fecimus
470 3010 650 3066 nostrornm
681 3003 876 3085 sigillorumb
907 3002 1026 3066 robore'
1048 3001 1237 3065 confirmari.
1288 2999 1406 3065 Verum
1445 3004 1523 3086 quia
1561 3021 1616 3086 ego

307 3091 517 3157 Theodericus
537 3095 700 3177 proprium
722 3094 861 3175 sigillum
885 3113 948 3156 non
970 3091 1078 3170 habeo,
1098 3092 1200 3175 sigillo
1220 3093 1355 3156 fratrum
1376 3113 1523 3157 meorum
1549 3101 1619 3157 ntor

305 3187 341 3248 in
363 3185 421 3247 hac
441 3192 536 3268 parte

380 3309 613 3364 'Lavenstein-
589 3309 691 3376 -p'ctat
710 3308 796 3362 durch
808 3307 970 3374 Tintensleeh
987 3307 1189 3362 9939992992-
1199 3307 1270 3362 nach
1286 3307 1371 3375 Wolff
1388 3308 1414 3361 T
1477 3299 1490 3336 ¹²
1510 3315 1621 3364 nostro

307 3407 370 3445 rum
389 3389 543 3461 sigillorum
563 3393 719 3444 nostrorum
738 3389 769 3443 D

381 3498 389 3526 ¹
408 3497 505 3566 Wepea
521 3495 566 3550 dea
583 3496 675 3550 aulen
684 3496 934 3565 Zttsommmhanps
951 3496 1002 3550 mit
1019 3494 1072 3548 Nr.
1083 3497 1146 3548 386.
1220 3493 1310 3548 'Dos
1327 3494 1488 3563 rwehnolr'pc
1505 3511 1526 3548 a
1539 3493 1621 3548 nobis

308 3582 375 3631 rtott
398 3576 434 3630 ab
455 3577 536 3647 ipah,
562 3575 752 3644 entaprechmd
776 3575 835 3630 dem
859 3575 895 3629 ab
915 3575 1024 3644 ipsein
1044 3573 1095 3628 Nn,
1106 3578 1173 3639 382,
1192 3573 1227 3628 ist
1245 3573 1419 3627 ramothlich
1437 3573 1478 3628 bei
1493 3573 1548 3628 der
1569 3575 1621 3626 An

308 3662 424 3727 sossuny
440 3658 528 3712 durch
544 3657 673 3712 Verrehen
690 3674 743 3710 aaa
761 3656 877 3712 129386
893 3658 925 3710 in
942 3655 1011 3710 dicen
1034 3654 1164 3709 Urhamdc
1179 3655 1339 3723 petovnmen.

831 3819 1082 3827 -.--—-—-—-—

310 3879 428 3961 1304.
455 3879 650 3960 Tehrnar
665 3879 724 3960 12.
1526 3879 1625 3960 884.

388 4014 518 4094 liudolf,
550 4013 703 4077 Heinrich
729 4013 799 4077 arrd
828 4014 976 4078 Gerhord
1006 4013 1199 4076 Marsehd'lle
1227 4034 1287 4078 von
1320 4013 1440 4078 Trebro
1470 4013 1625 4078 atterat

348 4105 417 4168 ihre
436 4104 658 4184 Zustimmnap
678 4125 719 4169 aa
741 4105 810 4168 dom
829 4105 866 4167 in
887 4102 946 4168 Nr.
960 4107 1027 4167 387
1046 4104 1225 4168 manaan
1245 4103 1411 4187 Verlcoufe.

463 4239 593 4296 Herem
622 4241 667 4296 Or.
679 4241 754 4311 Pcrp.
778 4241 860 4310 asp.
885 4241 934 4295 mit
956 4241 1068 4309 plcicher
1095 4240 1273 4306 Daratcllrmp
1301 4240 1376 4306 (ranei
1402 4239 1625 4305 &holscherenn

509 4322 619 4374 tolerat.
657 4321 774 4390 Icipmp,
794 4321 972 4375 Hermoithou
973 4320 1085 4374 292-
1103 4310 1198 4373 D58b
1215 4321 1268 4387 (tit.
1280 4317 1479 4387 Benneudorf).
1517 4321 1547 4374 Τ
1557 4325 1602 4375 66.

459 4423 582 4477 Druckc:
610 4421 753 4490 Iardcwip,
779 4423 845 4476 Rall.
856 4439 903 4480 ms
918 4421 961 4488 II,
979 4425 1040 4477 252
1076 4421 1214 4475 Bertuch·
1221 4420 1388 4487 SchomclI,
1405 4425 1466 4475 232.
1506 4421 1628 4486 Boline,

508 4503 757 4568 Horrapossersndt
772 4506 814 4556 18.
852 4462 1015 4566 Naamdnn,
1044 4503 1128 4556 Cotol.
1144 4501 1202 4554 libr.
1221 4517 1267 4554 ms.
1281 4500 1341 4554 bibl.
1356 4507 1442 4556 amr.
1458 4499 1620 4569 ruperto
1622 4543 1627 4552 .

509 4581 644 4637 Deutsch:
668 4581 753 4650 Wolff
767 4582 808 4648 11,
827 4585 887 4636 304.
922 4581 977 4650 Vpl.
997 4581 1137 4650 Schdttpen
1157 4586 1215 4636 179.
