3390 5148
551 413 600 472 Nr,
611 415 758 472 veo-221.
781 415 856 470 1270.
1309 417 1360 471 229

66 582 93 626 ne
119 562 167 625 eb'
190 565 351 628 hominum
387 563 542 628 memoria
574 567 739 636 recedant,
770 573 818 628 sot
847 566 1045 647 potissimum
1075 585 1147 628 cum
1178 568 1380 652 testimonio

67 656 224 717 litterarum
252 659 400 716 moneant
429 653 629 722 inconvulso,
664 656 920 740 recognoscimus
951 662 982 718 ct
1016 663 1124 718 tenore
1158 657 1358 738 presencium

65 751 266 827 protestamur,
289 743 446 824 quoduos
467 743 665 808 discussione
689 745 798 830 previa
820 755 852 810 et
873 752 996 809 maturo
1013 744 1146 809 consilio
1158 747 1357 828 precedente„

66 837 180 917 insuper
207 833 310 896 tocius
337 834 466 918 capituli
495 836 665 899 accedente
697 836 895 919 beneplacito
922 855 959 898 oc
986 855 1158 914 consensu,
1191 855 1253 898 unu
1284 857 1358 899 cum

66 925 134 988 diem
159 925 298 1007 capitulo
328 923 483 1005 quosdam
509 945 603 1008 agros
632 925 756 990 steriles
784 931 816 989 et
843 927 949 988 minus
975 925 1109 990 ecclesie
1134 933 1241 990 nostro
1269 933 1358 1010 aptos

66 1015 102 1077 rel
134 1014 241 1092 utiles,
273 1014 316 1077 ita
350 1015 509 1089 videlicet,
542 1015 627 1097 quod
655 1015 818 1079 exciderat
843 1017 943 1079 eciam
973 1035 992 1077 a
1018 1015 1172 1080 memoria
1193 1015 1356 1078 hominum

67 1123 191 1186 unquam
213 1104 342 1168 eosdem
363 1104 462 1168 fnisse
484 1104 595 1184 cultos,
617 1106 694 1168 sitos
715 1105 834 1169 directe
857 1113 888 1168 et
901 1106 1074 1170 inmediate
1087 1125 1183 1189 supra
1197 1107 1356 1187 quandam

67 1195 176 1258 vineam
199 1213 311 1257 versus
331 1194 457 1277 plagam
479 1195 772 1278 septentrionalem,
795 1214 856 1277 que
879 1195 1052 1278 vulgariter
1073 1195 1201 1259 domine
1222 1195 1358 1260 Berclrte

67 1286 143 1348 vinea
172 1291 390 1367 nuncupatur,
419 1303 477 1368 pro
507 1283 698 1366 quibusdam
728 1285 798 1349 aliis
823 1286 908 1368 agris
938 1284 1029 1348 bonis
1059 1293 1089 1348 et
1121 1285 1293 1364 fertilibus,
1324 1287 1355 1347 in

66 1393 200 1438 mensura
221 1381 254 1437 et
275 1375 450 1455 quantitate
470 1374 555 1455 agris
572 1373 842 1458 equipollentibus
863 1394 959 1458 supra
983 1375 1089 1454 dictis,
1116 1376 1198 1439 sitisb
1220 1377 1252 1437 io
1277 1376 1357 1440 valle

65 1471 88 1526 et
110 1465 140 1526 in
166 1463 261 1546 plano
289 1463 391 1546 campi
414 1466 520 1546 spacio
542 1465 796 1542 intentionum,
826 1465 881 1546 qui
909 1472 1040 1528 vocatur
1061 1464 1146 1538 Sala„
1173 1472 1205 1528 et
1230 1467 1356 1528 vineam

66 1556 196 1638 superius
226 1553 434 1628 nominatam,
466 1555 550 1638 apud
579 1554 725 1617 dominos
751 1555 790 1619 de
818 1553 914 1618 Porta
940 1558 1220 1632 commutavimus
1246 1557 1356 1619 conni-

66 1645 163 1707 rencia
188 1643 289 1706 eciam
315 1643 418 1706 tocius
444 1643 573 1726 capituli
596 1643 758 1708 Portensis
774 1645 986 1708 ‘succedente
1029 1645 1130 1726 Quam
1152 1647 1250 1728 igitur
1270 1665 1356 1710 oom-

64 1733 263 1798 mutacionem
301 1731 526 1798 inviolabiliter
563 1733 796 1798 observandam
835 1741 900 1798 tam
937 1754 994 1817 per
1031 1754 1089 1800 nos
1128 1755 1223 1817 quam
1255 1735 1356 1798 eciam

64 1831 175 1886 nostros
200 1841 401 1886 successores
427 1828 537 1886 tenore
565 1825 766 1907 presencium
788 1831 1010 1908 protestamur.
1052 1825 1187 1909 Insuper
1209 1827 1357 1888 noverint

63 1914 205 1988 universi,
235 1911 319 1996 quod
347 1931 443 1996 supra
469 1910 545 1976 dicti
574 1914 695 1976 domini
725 1913 763 1977 de
791 1913 887 1977 Porta
917 1914 1077 1995 quandam
1106 1917 1231 1980 vineam
1264 1917 1355 1977 sitam

63 2003 168 2066 directe
196 2007 307 2066 contro
334 2001 477 2076 domum,
507 2020 568 2084 qne
595 2003 709 2068 domus
738 2004 872 2086 piscarie
899 2005 1082 2068 nominatur·
1103 2023 1176 2088 sepe
1198 2004 1354 2067 dictorum

63 2091 267 2164 dominorum,
301 2109 358 2172 pro
391 2091 528 2172 quodam
561 2092 672 2156 salicto
708 2093 824 2157 additis
855 2094 895 2157 ad
927 2093 1073 2158 salictum
1106 2093 1208 2157 tribus
1242 2094 1355 2158 marcis

63 2183 171 2263 argenti
194 2181 279 2264 apud
302 2179 492 2244 Cristianum
516 2179 660 2264 Longum
682 2189 714 2247 et
735 2182 831 2246 elium
861 2183 1020 2265 quendam
1048 2183 1191 2248 eiusdem
1218 2183 1356 2246 nominis

62 2269 168 2336 dictum
184 2271 352 2348 seniorem,
372 2270 508 2334 rusticos
522 2271 554 2333 in
568 2271 644 2335 villa
653 2271 785 2340 Tuswiz.
799 2281 1031 2356 compararunt,
1053 2293 1149 2356 quarn
1161 2275 1353 2358 emptionem

63 2381 109 2441 pro
128 2381 160 2424 se
183 2368 214 2425 et
238 2361 304 2424 suis
324 2359 497 2424 heredibus
517 2361 643 2425 firmam
667 2370 699 2426 et
719 2368 820 2428 ratam
836 2363 953 2429 habere
967 2365 1355 2449 perpetuopromiserunt.

62 2449 98 2512 tt
119 2453 199 2514 enim
222 2452 346 2514 sincere
367 2452 624 2514 commutationis
645 2471 702 2515 seu
724 2453 915 2518 venditionis
938 2455 1109 2536 ordinacio
1137 2455 1219 2518 sicut
1240 2455 1356 2518 auetri-

61 2559 121 2604 oem
149 2540 260 2604 habuit
287 2540 437 2624 pietatem
466 2559 523 2606 seu
549 2540 786 2623 discretionem,
815 2545 861 2607 sic
882 2545 1101 2610 auctoritatem
1122 2543 1237 2608 habeat
1265 2544 1355 2607 ediu-

62 2630 173 2708 tricem‚
213 2635 248 2692 ut
277 2628 445 2693 confirmet
477 2631 659 2706 auctoritas,
688 2632 773 2713 quod
795 2633 895 2715 pietas
918 2635 984 2698 sive
1007 2633 1160 2698 discrecio
1182 2634 1353 2698 adinvenit.

62 2717 162 2795 Quare,
184 2739 223 2784 ne
244 2719 339 2782 alicui
361 2737 457 2801 super
479 2720 693 2784 contractibus
715 2741 810 2805 supra
837 2722 929 2787 dictis
952 2723 985 2786 in
1007 2729 1169 2808 posterum
1194 2723 1353 2787 dubitacio

62 2810 148 2888 possit
168 2810 252 2880 oriri,
274 2827 405 2892 presens
426 2807 579 2893 scriptum
600 2830 674 2873 eum
696 2811 928 2896 subscriptione
945 2813 1081 2883 testium,
1104 2813 1159 2895 qui
1175 2813 1249 2876 huie
1270 2813 1353 2876 iacto

61 2897 275 2977 interfuerunt,
304 2917 378 2962 cum
409 2897 513 2981 sigillo
547 2899 645 2962 nostri
676 2899 806 2984 capituli
838 2921 875 2963 ec
907 2903 1024 2966 nostris
1055 2901 1167 2986 sigillis
1197 2903 1230 2965 in
1257 2901 1354 2964 robur

63 2987 187 3052 validum
215 2989 368 3054 duximus
396 2988 658 3072 consignandum.
700 2987 807 3053 Testes
838 3000 912 3054 sunt
939 2992 996 3054 hii:
1025 2991 1174 3056 dominus
1201 2991 1353 3056 Albcrtus

60 3075 245 3154 cellerarius,
273 3078 422 3141 dominus
443 3077 590 3142 Lutolfus
611 3085 734 3152 cantor,
765 3080 914 3144 dominus
936 3082 1098 3146 duroldus
1120 3081 1158 3144 de
1181 3080 1354 3154 Strazberc,

61 3165 196 3232 dominus
230 3167 462 3232 Cunemundus
502 3168 541 3232 de
577 3169 820 3233 Sundershusen
863 3170 1011 3233 dominus
1046 3171 1118 3234 Otto
1162 3170 1200 3234 dc
1233 3171 1353 3237 Bouclr.

61 3255 197 3322 dominus
213 3257 386 3322 Heinricus
410 3258 449 3321 de
470 3256 656 3321 Aldcnburc
681 3259 825 3322 canonici
838 3259 1108 3342 nocuus-genre
1130 3267 1161 3323 ct
1181 3259 1233 3322 alii
1257 3280 1352 3341 quam

62 3344 165 3425 plures,
217 3348 300 3411 Aeta
327 3353 401 3410 sunt
431 3347 489 3410 hee
521 3367 604 3410 anno
635 3348 755 3412 domini
788 3357 1021 3426 M⁰Ctt⁰Lxx⁰‚
1057 3355 1168 3412 octavo
1200 3349 1351 3413 kalendas
1420 3379 1421 3382 ¹

14 3521 20 3534 ι
61 3431 135 3503 livii.
153 3436 326 3500 indictione
348 3445 432 3500 ΧΙΠ·
454 3443 487 3500 et
506 3437 538 3499 irr
562 3437 669 3520 vigilia
689 3437 788 3501 Marci
810 3439 1012 3522 evangeliste.

122 3569 244 3624 'notum
266 3569 489 3640 cloquentem
552 3561 648 3626 ''eitos
661 3569 807 3638 jedcofclla
826 3572 1000 3626 oerecluietreo

61 3814 357 3902 monuo.
1265 3825 1350 3906 221.

134 3977 236 4042 Alteri
264 3977 358 4058 Grof
378 3995 436 4042 oon
453 3975 661 4042 Raoeeoau
686 3977 849 4052 meander,
878 3978 953 4048 dass
981 3977 1129 4057 Gertnat,
1157 3981 1207 4044 dic
1235 3981 1352 4046 lt'ittroc

98 4062 257 4131 Heinrielae
287 4087 346 4131 von
371 4065 555 4147 Botpstddt,
587 4066 638 4130 ilar
666 4067 868 4147 leibpcdr'repe
893 4087 937 4130 ou
971 4073 993 4132 2
1019 4067 1128 4150 Hufen
1159 4091 1200 4134 eo
1232 4071 1350 4147 naara,

97 4153 182 4220 deren
217 4157 406 4238 Eipmttum
442 4175 501 4221 eoo
536 4155 687 4221 Heinrich
722 4156 899 4220 Mersdeatt
933 4177 991 4220 ooo
1021 4159 1245 4240 Ettortebcrpo
1282 4161 1351 4224 dem

98 4239 214 4309 tarra
232 4247 342 4328 Psorte
358 4245 520 4325 precumve
538 4247 663 4312 worden
682 4248 735 4324 eei,
756 4245 904 4311 meroem
924 4248 1125 4330 auspetoescu
1145 4249 1229 4314 tace.

197 4381 330 4439 nouus:
350 4379 379 4436 D
397 4373 449 4436 rol
466 4381 633 4450 (tamna).

197 4486 308 4543 Druck:
329 4488 439 4554 Brilme,
463 4488 636 4558 Tedaatmrp
653 4495 694 4544 58.
721 4491 777 4544 Vou
804 4490 888 4559 Wolff
901 4492 1050 4546 ottocarus.

133 4606 299 4694 Allbertue]
333 4612 383 4677 dei
415 4613 517 4695 gratia
543 4631 650 4676 comes
681 4614 720 4678 de
752 4613 955 4680 Rubenswalt
986 4617 1143 4684 universis
1170 4623 1349 4702 presentem
