3392 5150
324 357 375 414 306
694 356 926 415 Urlrundenbuch
943 354 992 414 deo
1010 357 1137 414 Klooters
1154 356 1258 414 Piorta

323 510 408 593 quod
438 509 533 574 michi
564 511 598 572 in
629 509 771 593 predicta
801 509 950 573 clausura
981 529 1062 592 aque
1093 511 1248 576 hactenus
1278 510 1537 590 vendicaveram,
1567 512 1607 575 ab

322 600 509 664 renunciavi
530 605 561 663 et
582 601 664 663 banc
687 599 868 664 clausuram
890 619 963 662 curn
986 599 1072 663 omui
1089 601 1159 663 iure
1181 620 1239 663 suo
1261 619 1298 664 ac
1318 601 1453 665 utilitate
1474 603 1505 664 in
1526 602 1609 666 doni-

322 692 412 753 nium
441 689 576 752 fratrum
605 688 644 751 de
664 687 861 752 Borsendorl
881 688 1053 768 transfudi,
1074 689 1119 752 ita
1138 693 1175 751 ut
1196 689 1256 772 ipsi
1279 689 1319 753 de
1339 697 1445 754 cetero
1468 692 1568 772 quiete
1585 693 1608 754 iu

322 785 510 863 perpetuum
537 777 721 860 possideant
751 777 932 841 clausuram
957 787 1057 858 aque¹
1084 797 1158 860 sepe
1185 779 1249 840 iam
1277 777 1393 842 dictam
1420 799 1495 842 cum
1521 781 1608 843 insila

323 868 448 932 modica
468 888 486 930 a
507 868 663 949 superiori
683 871 772 950 parte
794 867 967 946 adiacente,
989 887 1061 930 curn
1082 867 1233 931 salicibus
1254 869 1356 932 eciam
1377 869 1411 932 in
1433 869 1536 934 libore
1553 870 1608 932 Sale

322 960 391 1022 sitis
419 976 479 1020 nec
512 976 576 1019 ucn
605 963 637 1019 et
668 963 756 1039 parte
788 957 871 1038 agri,
899 958 953 1037 qui
982 957 1022 1019 ab
1049 957 1127 1040 ipsis
1153 957 1303 1024 salicibus
1332 959 1372 1021 ad
1394 959 1608 1042 longitudinem

321 1049 425 1130 virge,
454 1065 515 1128 que
542 1045 716 1128 vulgariter
739 1051 934 1129 mezzegerte
961 1046 1091 1126 dicitur,
1118 1047 1319 1129 protenditur
1339 1055 1482 1111 austrum
1507 1069 1609 1112 versus

322 1139 472 1201 Pretcrea
504 1139 629 1220 pratum
658 1135 816 1217 quoddam
850 1137 884 1198 in
917 1135 1138 1199 Golamesdori
1172 1138 1314 1218 quinque
1356 1136 1477 1200 babens
1508 1139 1611 1220 iugera

323 1227 408 1309 qtrcd
430 1226 506 1288 olim
528 1225 567 1288 ad
589 1225 710 1287 curiam
733 1225 930 1288 Borsendoii
949 1227 1110 1308 pertinuit
1131 1225 1186 1288 sed
1209 1245 1265 1310 pro
1285 1227 1354 1308 ipsa
1375 1245 1458 1307 aque
1479 1227 1611 1290 clausura

321 1315 577 1401 progenitoribus
606 1315 687 1378 meis
714 1314 865 1377 traditum
892 1315 1067 1390 lambatur,
1095 1315 1235 1393 reddidi,
1261 1335 1317 1398 pro
1340 1315 1458 1397 quibus
1479 1317 1612 1380 omuibus

322 1413 392 1470 octo
415 1404 774 1485 marcasVribcrgensis
796 1407 917 1486 argenti
938 1423 957 1466 a
976 1403 1073 1468 fratre
1094 1405 1256 1468 lirideiico
1277 1407 1429 1487 magistro
1443 1408 1475 1468 in
1491 1407 1613 1470 Borsen-

322 1497 394 1560 dort
424 1515 475 1558 me
505 1495 658 1577 profiteor
687 1495 853 1576 recepisse.
908 1493 952 1556 Ut
982 1501 1086 1557 autem
1118 1514 1213 1577 supra
1245 1495 1362 1576 scripta
1392 1497 1500 1558 omnia
1531 1497 1615 1559 robur

321 1586 481 1649 firmitatis
500 1583 664 1647 obtineant
684 1583 918 1661 inconvulsum,
938 1584 1042 1665 sigillo
1064 1604 1135 1646 rneo
1156 1590 1188 1646 et
1205 1584 1465 1666 sigilloHcinn'ci
1477 1587 1613 1669 pincerne

321 1678 360 1740 de
393 1673 575 1754 Tutenberg
603 1678 782 1755 presentem
815 1673 895 1735 duxi
927 1674 1072 1736 cedulam
1105 1674 1364 1754 consignandam.
1413 1675 1522 1738 Testes
1551 1681 1615 1738 sunt

321 1767 494 1829 Heinricus
516 1763 555 1826 de
575 1763 760 1825 Heinecbcu
783 1763 816 1825 in
837 1761 1032 1843 Tuteuberg
1055 1762 1171 1825 Witelo
1193 1762 1233 1825 de
1254 1762 1440 1846 Dornburg‚
1466 1764 1615 1828 Hem-icus

321 1853 554 1938 Sbupbelberg,
583 1853 767 1915 (luntberus
794 1853 833 1915 de
853 1853 1061 1931 'lulleustcte‚
1089 1852 1241 1915 Albertus
1263 1853 1436 1933 (densetur,
1462 1853 1617 1917 Goniadus
1686 1905 1687 1918 t

320 1944 475 2008 ilrinin'di
505 1950 538 2007 et
562 1942 735 2006 lleiuricus
760 1943 859 2004 irater
884 1943 967 2018 eius,
993 1941 1158 2004 Rcinbcdo
1180 1941 1219 2004 de
1241 1940 1408 2005 Lobenicz.
1450 1947 1531 2005 Acta
1552 1949 1617 2005 suut
1684 1919 1687 2004 l

321 2037 379 2099 hec
405 2036 437 2098 in
466 2033 574 2115 vigilia
601 2033 832 2114 assunrpcicnis
861 2037 969 2094 saincte
996 2031 1095 2093 lilarie
1122 2050 1205 2093 anne
1235 2033 1354 2095 domini
1382 2031 1499 2096 n⁰mt⁰
1527 2051 1617 2095 nona·
1684 2015 1687 2102 l

320 2126 440 2207 gesimo
463 2125 582 2205 quinto.

391 2258 402 2284 ²
420 2271 492 2326 aque
509 2255 577 2323 faa
594 2254 624 2308 n

394 2361 403 2400 1
431 2361 562 2430 uuam
580 2391 613 2400 -
631 2360 702 2413 man
723 2359 838 2425 marrae,
863 2359 920 2413 un.
932 2359 957 2417 a.
969 2359 1096 2430 saraa,
1115 2361 1235 2430 nepam
1254 2391 1286 2398 -
1304 2361 1345 2414 aa·
1362 2359 1476 2416 naara.

321 2683 619 2788 [rasa-raas]
1539 2681 1623 2764 am

402 2819 587 2902 Morqaord
616 2817 678 2882 Ant
706 2839 765 2882 von
791 2817 1077 2884 Reiulaordsbrann
1107 2818 1346 2898 benacbricldipt
1375 2819 1437 2882 den
1468 2819 1532 2882 not
1562 2815 1626 2880 arad

361 2910 508 2976 Kouaent
535 2909 588 2974 des
614 2907 757 2974 Kloslers
788 2906 908 2990 Psorte,
939 2909 1015 2972 dass
1040 2909 1085 2972 sie
1109 2909 1160 2972 dic
1180 2909 1392 2989 Besitaucpee
1412 2909 1467 2972 des
1487 2908 1627 2974 Klosters

362 2999 525 3080 Scheiplita
545 2999 580 3064 in
611 2998 767 3080 Wilsdors
780 2999 900 3080 ladasca
922 2999 1047 3080 diesen.
1083 2997 1146 3078 Vqr.
1170 2999 1230 3062 Nr.
1244 3003 1315 3063 317.

472 3133 603 3188 Hdscbrn
623 3133 649 3186 P
665 3125 742 3187 190⁰.
1684 3139 1685 3224 p

473 3238 590 3292 nane.-
615 3238 699 3307 Wolff
712 3239 755 3306 Π,
772 3243 833 3294 aas.
1684 3229 1685 3246 ³

404 3367 471 3432 Nos
492 3365 727 3448 marquardus]
756 3368 806 3432 dei
832 3369 938 3450 gracia
963 3367 1062 3430 abbas
1088 3368 1122 3430 in
1143 3365 1409 3448 Reynbersbcrn·
1430 3367 1541 3432 abbati
1563 3367 1630 3430 toti·

326 3477 387 3539 que
416 3458 588 3522 conventui
615 3457 648 3518 in
674 3456 770 3520 Porta
799 3457 929 3522 devotas
956 3459 1122 3522 oraciones
1148 3458 1182 3520 in
1214 3458 1342 3520 dominc
1368 3457 1466 3522 Ihcsu
1494 3459 1632 3522 Christo.

324 3548 443 3612 Notum
476 3547 565 3610 vobis
594 3547 731 3610 iacimus
761 3547 795 3610 in
826 3547 888 3611 hiis
917 3549 1051 3631 scriptis,
1082 3547 1168 3630 quod
1200 3547 1348 3611 dominus
1378 3549 1564 3632 prepositus
1595 3547 1631 3608 de

326 3635 469 3720 Schiplcs
489 3637 573 3720 apud
595 3655 654 3698 nos
675 3637 788 3715 luerat,
810 3643 841 3700 ct
861 3639 944 3718 quod
971 3639 1010 3700 de
1032 3645 1141 3700 nostra
1162 3637 1203 3700 sit
1225 3637 1388 3700 voluntate
1410 3657 1448 3702 ac
1463 3656 1635 3702 consensu
1683 3707 1684 3714 χ

327 3731 362 3788 ut
381 3725 436 3788 illa
457 3725 549 3804 bona,
576 3725 697 3789 scilicet
718 3727 751 3788 iu
772 3725 1041 3809 Wolfingestorll,
1063 3727 1184 3790 ematis.
1226 3725 1271 3789 Ut
1292 3733 1398 3790 autern
1420 3727 1480 3792 hoc
1500 3729 1633 3792 firmum

325 3823 508 3900 permaneat
533 3820 565 3876 et
589 3815 829 3898 inconvulsum,
853 3819 991 3900 presenti
1023 3817 1125 3879 littere
1150 3816 1289 3899 sigillum
1311 3825 1454 3880 nostruin
1477 3818 1636 3880 duximus

325 3905 557 3989 apponendum.

393 4048 407 4077 ⁸
425 4037 617 4108 Reyhersboru
646 4039 683 4092 Ira
700 4037 747 4092 der
770 4039 946 4107 Ueberacbrr'sl
967 4037 1198 4094 Reiuhartesborn
1267 4035 1574 4112 '‘Wclffl'ucheedorph
1604 4041 1638 4094 Ia

324 4120 372 4173 der
395 4119 570 4189 Ueberacbn‘st
588 4119 796 4190 Wollingestorl

850 4303 1098 4312 ——ffl
