3506 5148
329 391 383 447 iao
700 387 931 444 Urlrundenhuch
950 386 998 442 des
1017 387 1141 442 Klosters
1160 385 1263 440 Piorte.

401 541 568 596 ‘hmannus
595 544 679 604 (sonat
705 543 754 608 fiir
777 540 971 606 Hermannus)
1002 539 1027 593 T
1059 537 1250 593 hardmannun
1269 535 1299 590 D
1402 524 1564 606 bprosequi
1588 549 1635 587 um

331 622 476 699 RondeD
509 622 615 689 febitl
688 620 845 674 cvidelicet
861 619 928 686 sebit
947 619 976 673 D
1056 609 1143 672 tllilio
1162 618 1191 671 D
1269 617 1280 642 ⁰
1298 614 1436 670 hmanil'
1515 605 1635 669 ‘Botul-

330 709 401 757 etete
422 702 443 755 Τ
510 701 522 736 ⁸
541 717 590 756 seu
609 701 639 756 D
710 692 721 728 *¹
740 699 875 756 echardus
893 698 923 752 D
993 690 999 726 ⁵
1018 695 1197 753 erkembertus
1216 695 1245 752 D
1315 687 1328 724 ¹¹
1347 694 1467 766 magelin
1483 694 1513 749 D

402 833 410 866 ¹
436 835 491 906 upa
511 833 916 901 maerensmaerens.

869 1013 1120 1022 ..Q——m-..n--u

333 1085 440 1167 1327.
468 1083 633 1178 august
646 1082 710 1162 29.

412 1234 475 1300 Dic
496 1235 626 1299 Brdder
646 1233 790 1298 Dieirich
811 1234 879 1296 arrd
894 1233 1025 1298 Bertold
1054 1233 1227 1298 Vitellianae
1246 1229 1443 1312 vanpolda
1464 1229 1639 1311 ocrkoufen

371 1327 440 1390 dnn
461 1325 588 1390 chstcr
608 1326 716 1406 Pforte
736 1325 792 1404 fiir
814 1328 878 1388 170
899 1323 999 1386 illaria
1019 1323 1087 1386 ihre
1110 1325 1210 1386 Giiler
1231 1321 1266 1384 in
1288 1319 1559 1396 sachseatoasaz,
1590 1321 1640 1381 be-

372 1418 579 1573 ἒιὲἰιὸο-νῖἀὸὃαόωε
598 1417 667 1480 drci
685 1415 820 1480 Vicrtein
841 1416 895 1478 des
909 1413 1035 1496 Dorses,
1058 1413 1113 1478 neit
1133 1411 1368 1476 alleriRecbteu.
1408 1409 1474 1489 Vqr.
1489 1407 1550 1472 Nr.
1566 1413 1639 1474 531.

482 1651 615 1705 Hdsebri:
636 1641 745 1705 T268b.
776 1639 867 1703 D90¹³
887 1649 939 1716 (tit.
950 1647 1167 1715 Sachsinhusen)
1186 1647 1235 1700 mit
1253 1645 1388 1700 einzelnen
1407 1645 1585 1714 Kurroapea

483 1755 594 1808 Druck:
612 1753 748 1808 Deutsclr:
772 1753 856 1820 Wolff
872 1751 912 1818 H,
931 1755 991 1806 421,

412 1898 451 1960 In
478 1898 609 1960 nomine
636 1896 766 1958 domini.
806 1896 918 1958 Amen.
964 1893 1030 1957 Nos
1056 1894 1266 1958 Theodericus
1294 1892 1385 1957 miles
1413 1898 1445 1956 et
1469 1891 1640 1956 Bertoldus

333 1989 444 2052 fratres
475 1987 666 2050 vicedomini
693 1984 732 2048 de
759 1983 880 2067 Apoldo
906 1987 1162 2067 recognoscimus
1188 1992 1220 2048 et
1247 1987 1280 2047 in
1311 1985 1457 2046 noticiam
1484 1984 1640 2060 omnium,

334 2081 389 2161 qui
412 2083 589 2160 presentem
617 2076 752 2139 litteram
777 2075 927 2152 viderint,
957 2076 1105 2158 cupimus
1130 2077 1305 2157 pervenire,
1331 2074 1417 2156 quod
1443 2093 1501 2137 nos
1529 2075 1641 2137 vendi·

336 2169 441 2232 dimus
468 2166 706 2230 honorabilibus
734 2167 811 2229 viris
840 2164 967 2228 domino
989 2164 1119 2229 Alherto
1148 2165 1253 2228 abbati
1284 2170 1315 2228 et
1336 2166 1507 2227 conventui
1530 2183 1641 2227 mona·

336 2260 421 2323 sterii
454 2258 612 2321 Portensis
640 2277 695 2339 pro
725 2263 853 2319 centum
883 2259 914 2318 et
940 2256 1140 2339 septuaginta
1164 2256 1278 2318 mareis
1308 2255 1380 2340 puri
1407 2257 1529 2335 argenti
1557 2253 1641 2318 bona

334 2353 456 2424 nostra,
489 2366 551 2430 que
572 2347 744 2410 habuimus
765 2348 797 2408 in
819 2345 1045 2423 Saxenhusen‚
1068 2345 1213 2409 videlicet
1234 2351 1297 2409 tres
1318 2349 1422 2428 partes
1441 2346 1544 2426 ipsius
1566 2344 1642 2408 ville

334 2460 408 2503 cum
430 2438 527 2501 fundo
548 2457 605 2501 seu
625 2437 735 2501 fundis
756 2447 787 2500 ct
808 2436 988 2520 superficie,
1015 2455 1089 2499 eum
1117 2438 1187 2500 iure
1215 2436 1348 2499 dominii
1370 2435 1457 2498 utilis
1478 2441 1510 2498 et
1530 2435 1642 2500 directi

334 2550 392 2594 nec
421 2547 485 2591 nun
513 2547 588 2590 cum
614 2528 748 2609 campie,
774 2529 869 2606 areis,
897 2526 1054 2604 curtibus,
1076 2527 1170 2604 ortis,
1190 2527 1302 2608 pratia,
1323 2526 1464 2609 paeonia,
1485 2526 1644 2608 virgultis,

335 2619 484 2686 salicibus
503 2625 535 2681 et
549 2617 675 2692 salictis,
695 2619 782 2691 rivis,
804 2618 897 2700 aquis
911 2635 1132 2700 aquarumque
1146 2617 1352 2695 discursibus,
1374 2617 1488 2693 ababa,
1509 2617 1644 2694 semitis,

335 2709 498 2786 limitibus,
526 2709 679 2787 frutectis,
701 2707 796 2770 cultis
818 2712 850 2770 et
870 2706 1009 2783 incultis,
1033 2708 1091 2769 viis
1111 2713 1141 2770 et
1162 2709 1259 2770 inviis
1279 2715 1311 2770 et
1329 2706 1452 2769 inditiis
1472 2707 1644 2787 sanguinis

335 2808 365 2865 et
395 2799 479 2878 aliis,
511 2817 702 2881 quocunque
735 2799 864 2860 nomine
894 2797 944 2860 vel
976 2796 1129 2862 vocabulo
1162 2801 1407 2879 nuncupantur,
1435 2801 1466 2860 ct
1497 2797 1643 2873 iusticiis

335 2890 464 2970 usibus,
493 2889 654 2972 obsequiis
682 2894 713 2951 et
737 2888 926 2971 generaliter
950 2887 1099 2950 omnibns
1127 2889 1194 2951 suis
1222 2887 1419 2971 pertinentiis
1440 2886 1480 2950 de
1500 2888 1571 2950 iura
1594 2885 1645 2949 vel

336 2982 374 3045 de
402 2981 496 3060 theto,
525 2981 682 3043 tradentes
710 2979 863 3062 prelibato
890 2979 1017 3041 domino
1043 2976 1148 3042 abbati
1177 2978 1341 3060 recipienti
1365 2996 1422 3060 pro
1449 2996 1483 3040 se
1504 2983 1537 3039 et
1557 2977 1645 3038 dicto

336 3071 526 3134 monasterio
557 3069 640 3132 bona
676 3070 814 3151 predicta
849 3089 923 3132 cum
958 3069 1107 3132 omnibus
1143 3069 1182 3130 ad
1212 3071 1280 3151 ipsa
1311 3065 1542 3151 pertinentibus
1575 3068 1647 3130 sive

336 3161 538 3244 singulariter
565 3161 700 3242 singulis
727 3162 794 3224 sive
821 3158 1041 3223 universaliter
1068 3160 1227 3223 universis
1248 3159 1287 3220 ad
1309 3156 1506 3235 habendum,
1533 3161 1648 3219 tenen-

337 3253 413 3315 dum
442 3256 472 3313 et
496 3252 721 3332 possidendum
750 3257 794 3329 et,
824 3249 977 3333 quicquid
1009 3251 1084 3332 ipsis
1112 3250 1146 3311 in
1177 3249 1223 3312 eis
1253 3247 1419 3331 placuerit,
1450 3245 1649 3321 faciendum,

338 3341 479 3405 ‘volentes
506 3341 617 3419 etiam,
645 3341 729 3422 quod
757 3343 809 3403 ius
838 3344 1023 3424 patronatus
1050 3339 1180 3402 ecclesie
1209 3339 1347 3421 predicte
1374 3336 1449 3400 ville
1476 3355 1550 3398 cum
1572 3336 1648 3397 uni-

339 3432 484 3494 versitate
504 3431 717 3512 predictorum
739 3430 895 3494 bonorum
918 3428 1014 3491 libere
1035 3429 1073 3491 ad
1093 3427 1238 3491 abbatem
1250 3433 1281 3490 et
1295 3433 1488 3489 conventum
1504 3429 1650 3488 nauseat

337 3519 512 3602 prelibatos.
555 3519 792 3584 Promittimus⁸
812 3522 943 3602 iusuper
964 3526 995 3582 et
1015 3517 1215 3601 presentibus
1236 3537 1294 3580 nos
1315 3524 1347 3580 et
1364 3522 1490 3579 nostros
1512 3515 1650 3578 heredes

337 3610 514 3692 obligamus
541 3611 578 3672 ad
608 3611 832 3690 evincendum,
858 3609 1087 3673 defensandum
1109 3615 1140 3671 et
1160 3607 1423 3690 guarandandum
1446 3605 1595 3670 abbatem
1619 3613 1652 3668 et

337 3705 529 3763 conventum
556 3719 628 3782 sepe
656 3700 754 3764 dictos
779 3701 813 3763 in
838 3700 929 3762 bouis
956 3699 1084 3780 prefatis
1112 3698 1151 3760 ab
1173 3699 1260 3760 omni
1283 3715 1416 3780 persona
1438 3715 1495 3759 seu
1516 3696 1650 3758 univer-

338 3792 436 3867 sitate,
457 3789 714 3872 quandocunque
732 3791 887 3854 fuerimus
908 3789 1061 3871 requisiti.
1103 3787 1144 3850 Et
1171 3792 1205 3850 ut
1233 3788 1388 3869 premissa
1412 3786 1520 3848 omnia
1544 3783 1652 3848 robur

338 3881 500 3962 optineant
527 3886 677 3963 perpetue
705 3879 875 3959 firmitatis,
910 3897 1039 3960 presens
1070 3880 1319 3941 instrumentum
1354 3876 1429 3939 inde
1463 3874 1650 3937 coniectum

338 3970 515 4053 sigillorum
537 3975 716 4033 nostrorum
737 3971 928 4055 appensione
949 3969 1083 4032 fecimus
1105 3967 1252 4030 roborari.
1287 3965 1405 4029 Datum
1420 3984 1502 4028 anno
1520 3964 1653 4028 domini

261 4111 264 4118 ⁴
339 4060 505 4123 millesimo
527 4069 738 4140 commit,
759 4066 870 4142 quarto
893 4059 1043 4122 kalendas
1054 4057 1255 4142 Septembris.
1283 4055 1390 4120 Testes
1404 4061 1481 4119 sunt
1494 4054 1655 4118 dominus

338 4149 527 4213 Ludewicus
558 4149 711 4232 plebanus
740 4151 771 4212 in
800 4149 938 4232 Apolde,
966 4147 1096 4212 Taromo
1118 4148 1157 4210 de
1175 4145 1367 4210 Wikerstete
1396 4145 1502 4218 miles
1532 4141 1654 4209 Kune-

338 4240 479 4302 mundus
509 4239 547 4302 de
578 4240 830 4302 Stuthirnhaimb
863 4240 1035 4302 advocatus
1067 4240 1099 4300 in
1131 4236 1431 4319 Eceehardisberge,
1471 4233 1655 4299 Heinrieus

338 4329 555 4393 Potzendorff⁰
575 4335 606 4391 et
626 4327 786 4392 Henricus
807 4330 847 4393 de
865 4329 1025 4404 Florstete,
1046 4327 1354 4391 t'raterEecehardus
1375 4325 1413 4388 de
1423 4324 1528 4397 Natza,
1549 4323 1657 4388 frater

339 4419 504 4482 Corradus
525 4419 563 4482 de
584 4418 750 4499 Sumenda,
777 4419 914 4502 [irater]‘¹
937 4417 1161 4481 Erkeowertus
1182 4416 1220 4479 de
1240 4413 1383 4479 horode
1410 4421 1442 4480 et
1463 4414 1559 4476 frater
1583 4415 1657 4478 Fri·

341 4509 465 4573 dericus
486 4510 523 4574 de
547 4509 729 4573 Wissonze‘*
751 4513 780 4572 et
802 4510 908 4594 plures
930 4510 982 4572 alii
1001 4507 1062 4571 fide
1081 4508 1176 4590 digni.
