3402 5152
82 403 83 414 ¹
197 416 201 426 ¹
283 397 337 451 414
656 389 887 451 Urlrundenbuch
906 391 954 446 des
972 389 1099 447 Kloetere
1118 389 1224 448 Psorte.

285 570 394 652 1312.
421 569 609 653 Oktobor
627 573 662 652 1.
1498 565 1579 648 tlt.

365 707 532 772 Hermann
555 707 648 789 Grcs
662 727 721 770 coa
737 705 932 771 Orlamtinde
951 675 1052 784 ciebat
1073 702 1280 766 dernKlostcr
1293 702 1402 784 Psortc
1424 703 1582 766 18Aeclcer

323 799 360 861 ia
381 799 436 862 der
458 797 543 862 Flur
563 803 657 862 anter
679 797 961 878 benemeritam,
989 795 1041 860 dic
1066 794 1236 872 Heinrich,
1264 792 1398 857 draanls
1418 793 1535 858 Plebaa
1555 793 1582 855 ia
1680 816 1681 825 ¹

324 887 537 964 Weteelslraia,
557 888 616 969 fiir
636 887 774 952 dasselbc
790 909 845 950 aot
870 885 1051 968 61t2Murlc
1070 886 1202 968 petenti
1221 885 1285 948 aar.

436 1017 569 1072 Hdaelma
589 1017 614 1069 Τ
619 1021 679 1072 296.
707 1007 801 1070 Dlil
820 1013 1089 1084 (titflechindortt).

362 1127 365 1130 ·
435 1111 560 1244 qupequ:
573 1109 689 1244 nglrpce,
712 1107 889 1177 Todttreilunp
898 1111 941 1163 81.
979 1107 1114 1162 naiaco.-
1137 1107 1340 1174 Wolffltete.
1375 1107 1583 1178 VotuRcttaea

365 1314 431 1378 Nos
452 1313 659 1378 Hermannus
687 1314 736 1377 dei
763 1315 868 1396 gracia
895 1331 1002 1376 comes
1023 1313 1062 1376 de
1084 1310 1278 1375 Orlamuude
1299 1313 1459 1377 universis
1480 1312 1585 1378 Christi

159 1483 166 1500 ⁹
286 1404 434 1468 fidelibus
455 1405 487 1466 iu
510 1411 708 1488 perpetuum.
742 1406 822 1467 Acte
843 1405 889 1466 rei
908 1403 1024 1468 noticia
1041 1403 1154 1465 transit
1167 1404 1200 1465 iu
1214 1407 1364 1485 posteros,
1383 1421 1458 1466 cum
1474 1407 1585 1468 venerit

286 1495 456 1558 auctoritas
482 1500 513 1558 et
533 1493 631 1557 robur
651 1495 777 1558 firmius
798 1515 816 1557 a
837 1494 1018 1556 testimonio
1038 1492 1224 1556 litterarum.
1266 1491 1369 1574 Igitur
1392 1494 1432 1557 ad
1454 1501 1584 1558 eternam

286 1586 434 1648 noticiam
474 1589 537 1648 tom
574 1585 770 1668 presentium
808 1604 903 1668 quam
935 1584 1133 1662 futurorum,
1172 1583 1431 1668 quibuscumque
1466 1606 1586 1669 presens
1680 1617 1681 1620 ¹

176 1721 180 1734 ,
286 1677 438 1758 scriptum
461 1674 638 1738 exhibitum
661 1674 767 1754 fuerit,
788 1676 937 1756 cupimus
958 1675 1115 1753 devenire,
1144 1674 1229 1756 quod
1251 1674 1402 1738 domiuus
1422 1675 1587 1740 Heinricus

286 1766 446 1848 quondani
469 1765 624 1849 plebanus
646 1765 909 1828 inWecelshaiua
931 1767 1007 1828 emit
1030 1763 1266 1828 venerabilibus
1286 1765 1423 1828 dominis
1445 1766 1483 1830 de
1501 1768 1587 1830 Porta

286 1859 394 1922 decem
424 1863 454 1920 et
480 1862 549 1920 octo
576 1877 668 1938 agros
696 1859 772 1922 sitos
798 1859 831 1919 iu
862 1875 942 1940 pago
965 1854 1025 1920 sub
1047 1856 1137 1935 villa,
1160 1875 1223 1938 quc
1244 1855 1361 1918 dicitur
1381 1855 1588 1939 langeurode,

285 1948 324 2011 ab
346 1946 485 2010 Henrico
508 1947 695 2010 dictotllonb
717 1967 790 2011 cum
816 1947 963 2011 unanimi
983 1965 1117 2012 assensu
1139 1966 1175 2009 ac
1195 1945 1278 2009 bona
1299 1947 1464 2010 voluntate
1486 1951 1588 2012 uxoris

287 2057 344 2101 sue
367 2043 398 2100 et
418 2037 474 2100 filii
497 2039 547 2101 sui
569 2037 793 2112 Hildebrandi,
815 2039 890 2102 item
912 2035 1089 2118 Witcgonis
1110 2037 1280 2120 propinqui
1302 2037 1366 2115 eui,
1393 2037 1468 2100 item
1489 2039 1589 2102 relicte

285 2129 452 2192 cuiusdam
476 2128 551 2192 dicti
575 2128 705 2192 Clutielo
733 2128 895 2210 quondam
920 2127 1088 2191 residentis
1113 2129 1145 2190 in
1170 2127 1244 2189 villa
1269 2132 1382 2190 nostra
1397 2127 1543 2192 Tundorf
1558 2149 1589 2192 ac

286 2219 422 2292 dirorum
445 2218 583 2281 liliorum
605 2219 746 2282 eiusdem
769 2219 877 2282 relicte
898 2227 1140 2300 ceterorumque
1162 2219 1307 2280 omnium
1328 2219 1504 2283 amicorum
1527 2239 1589 2304 pre·

286 2309 361 2372 dicti
383 2307 527 2372 Herae
548 2328 715 2386 consensu,
734 2309 851 2392 quibus
872 2309 999 2392 aliquod
1024 2310 1073 2371 ius
1093 2309 1304 2391 possessionis
1323 2309 1357 2370 in
1372 2309 1493 2373 eisdem
1511 2311 1590 2392 agris

287 2405 452 2482 conpetere
484 2399 663 2478 videbatur,
702 2407 733 2464 ct
765 2401 824 2464 hoc
856 2419 911 2481 pro
942 2419 1000 2464 sex
1031 2405 1062 2463 et
1093 2401 1223 2464 dimidia
1253 2419 1359 2464 marca
1388 2401 1591 2466 Nortuseusis

285 2491 417 2572 argenti.
466 2490 588 2554 Verum
620 2493 696 2575 quia
724 2492 912 2574 prescriptos
946 2509 1039 2570 egros
1069 2511 1088 2553 a
1118 2489 1211 2554 nobis
1238 2493 1342 2555 tenuit
1372 2491 1443 2557 iure
1469 2493 1591 2568 feudali,

286 2579 418 2643 veniens
440 2581 480 2643 ad
501 2586 642 2644 nostram
665 2581 855 2665 presentiam
877 2599 952 2644 cum
974 2580 1088 2644 herede
1108 2600 1166 2644 suo
1188 2579 1425 2646 Hildebrando⁰
1445 2588 1476 2646 et
1496 2601 1591 2646 rurore

286 2671 482 2754 reliquisque
503 2671 654 2736 omnibus
675 2673 832 2754 prmlictis,
854 2672 909 2755 qui
933 2669 993 2732 sibi
1014 2672 1065 2734 ius
1085 2673 1119 2734 in
1143 2670 1263 2734 eisdem
1278 2672 1363 2754 agris
1376 2673 1592 2750 vendicabant,

287 2769 318 2825 et
342 2763 493 2842 quoniam
521 2763 560 2826 ad
582 2781 772 2826 noseorum
794 2763 968 2846 proprietas
989 2763 1149 2846 pertinuit,
1170 2763 1204 2824 iu
1226 2779 1342 2826 manus
1362 2765 1500 2827 nostrast
1519 2783 1589 2827 cum

287 2852 437 2915 omnibus
460 2852 607 2935 predictis
629 2852 797 2917 heredibus
812 2853 988 2918 iamdictos
1004 2873 1096 2934 agros
1111 2853 1284 2935 resignavit
1296 2857 1415 2935 petens,
1438 2857 1592 2938 quatenus

287 2944 507 3026 proprietatem
538 2962 686 3026 agrorum
721 2948 968 3008 memoratorum
1008 2945 1213 3027 dignaremur
1247 2944 1389 3008 conferre
1423 2946 1591 3008 conventui

288 3033 449 3097 Portensis
471 3035 654 3097 monasterii
676 3054 772 3118 supra
794 3034 877 3097 dicti.
919 3035 987 3100 Nos
1008 3037 1106 3118 igitur
1127 3035 1324 3100 attendentes
1345 3034 1498 3100 humilem
1516 3036 1593 3118 peti-

288 3125 409 3186 cionem
440 3124 583 3187 eiusdem
609 3123 648 3186 H.
674 3144 711 3187 ac
732 3124 950 3204 devotionem,
981 3127 1153 3208 quoniamg
1180 3127 1242 3190 iam
1265 3125 1388 3189 dudum
1409 3127 1463 3208 pio
1482 3125 1592 3189 ellectu

288 3213 446 3277 coluimus
469 3215 638 3296 predictam
661 3215 825 3278 ecclesiam
845 3214 1041 3295 Portensem,
1061 3215 1187 3280 eosdem
1211 3235 1303 3298 agros
1321 3235 1395 3280 curu
1417 3219 1505 3280 omni
1523 3216 1595 3278 iure

288 3311 319 3367 et
340 3307 542 3388 proprietate,
568 3325 630 3388 que
651 3305 745 3368 nobis
766 3307 800 3368 in
821 3307 900 3388 ipsis
920 3304 1118 3388 conpetebat,
1145 3323 1219 3368 cum
1242 3304 1392 3368 omnibus
1413 3307 1483 3370 suis
1504 3306 1594 3388 perti-

289 3396 421 3472 uentiiS,
446 3415 509 3477 que
536 3415 623 3459 nunc
648 3397 680 3459 in
709 3397 828 3460 eisdem
858 3402 1010 3478 apparent
1038 3394 1087 3458 vel
1113 3397 1146 3457 in
1175 3400 1337 3478 posterum
1360 3393 1595 3477 quomodolibet

288 3487 504 3567 apparuerint,
530 3485 675 3549 Portensi
703 3487 893 3549 monasterio
924 3486 1112 3549 tradidimus
1140 3483 1238 3548 libero
1259 3504 1391 3550 assensu
1415 3491 1593 3549 nostorum

289 3574 440 3638 heredum
468 3575 635 3639 accedente
663 3577 748 3639 iusto
774 3577 972 3659 proprietatis
1000 3575 1091 3638 titulo
1118 3579 1269 3658 perpetuo
1295 3574 1509 3659 possidendos.
1554 3571 1598 3635 llt

289 3666 384 3748 ergoh
406 3665 530 3728 firmusi
552 3672 583 3730 et
603 3668 813 3730 inconvulsus
834 3671 1017 3750 permaneat
1037 3667 1135 3729 huius
1156 3684 1211 3747 per
1232 3665 1339 3727 omnia
1359 3669 1454 3728 tenor
1469 3665 1543 3728 facti
1566 3669 1599 3726 et

289 3774 330 3818 ne
350 3757 464 3838 quavis
486 3757 651 3818 occasione
677 3755 810 3820 dubium
830 3758 957 3839 posteok
979 3755 1116 3819 suboriri
1132 3756 1241 3838 possit,
1262 3759 1443 3838 presentem
1460 3756 1599 3820 litteram

289 3845 424 3928 desuper
445 3847 653 3927 conscriptam
675 3847 792 3910 eisdem
804 3845 1010 3910 Portcirsibus
1030 3846 1232 3925 porreximus
1252 3845 1352 3908 nostri
1371 3845 1467 3928 sigilli
1482 3843 1600 3908 robore

289 3937 527 4000 communitam.
570 3935 687 4000 Datum
710 3957 795 4000 anno
817 3936 937 4000 domiui
958 3945 1158 4001 n⁰cco⁰xss
1167 3947 1188 4014 ⁰,
1209 3936 1242 3997 in
1268 3935 1319 3998 dic
1338 3936 1440 3998 sancti
1460 3933 1599 4016 Remigii

289 4027 427 4110 episcopi
448 4031 479 4090 et
499 4029 710 4091 contessoris¹.

360 4160 563 4216 ³wecnilehain
582 4163 611 4216 1)
682 4153 777 4216 blrloll
796 4161 825 4215 D
896 4159 1017 4213 clrluttil
1036 4160 1066 4214 D
1136 4149 1227 4214 telon
1244 4159 1274 4212 D
1336 4153 1557 4214 eHiltebrcudo
1580 4151 1604 4206 Τ

292 4311 294 4318 ,
317 4239 346 4292 in
371 4239 501 4294 menibus
519 4242 620 4296 nostris
649 4242 678 4295 D
784 4243 897 4312 t‘quam
919 4240 1143 4307 (Kompeadiunr)
1166 4239 1191 4292 Τ
1222 4255 1280 4308 qua
1297 4237 1327 4292 D
1432 4228 1551 4305 ligitur
1571 4231 1604 4285 D

290 4321 295 4345 ¹
315 4317 422 4374 firmius
444 4321 468 4373 'l'
535 4313 689 4391 kproterea
711 4323 736 4374 T
803 4312 809 4348 ¹
828 4320 949 4390 episcopi
968 4325 997 4374 et
1014 4318 1179 4374 contessoris
1197 4320 1265 4386 sctit
1282 4317 1313 4372 D

291 4228 299 4264 l
