3402 5152
333 366 384 426 376
702 365 935 426 Urhundenbuch
952 365 1001 425 des
1019 364 1145 424 Kloetcrs
1163 365 1266 424 mete.

333 522 498 586 denarium
520 522 669 606 erogabit.
713 521 834 586 Verum
863 521 948 606 quod
976 523 1001 585 si
1024 520 1178 606 plebanus
1199 522 1261 584 iam
1284 521 1424 604 predicta
1441 519 1537 582 faeere
1553 537 1609 581 oon-
1694 547 1695 572 1

332 618 518 696 tempneret,
545 614 680 678 duorum
707 614 878 676 solidorum
908 613 1056 696 porcione
1082 611 1201 674 carebit
1224 619 1396 694 nostroque
1420 612 1547 694 portorio
1569 608 1608 669 da-

331 704 452 767 buntur
486 704 679 786 pauperibus
717 706 747 766 in
788 703 937 766 solamen.
988 702 1054 766 Nec
1085 703 1345 786 pretereundum,
1383 701 1468 784 quod
1499 699 1611 783 prefatus

333 795 471 858 rusticus
499 796 530 856 in
561 795 612 857 die
631 793 714 858 beati
734 794 885 856 Iohannis
906 793 1039 876 baptiste
1060 794 1098 856 de
1119 812 1192 876 sepe
1214 793 1295 855 diota
1315 793 1403 855 curia
1425 797 1455 854 et
1476 791 1551 874 agris
1567 789 1610 850 deo
1694 849 1695 854 ,

334 886 498 947 sinceriter
518 882 630 947 oblatis
651 883 738 947 dabit
758 885 806 947 et(l
828 888 935 948 nostro
957 885 1093 966 portario
1110 889 1173 946 tres
1196 881 1312 945 solidos
1333 880 1612 964 Nuenburgensium

332 977 532 1039 denariorum
555 976 606 1038 vei
627 981 710 1038 certe
731 981 850 1058 septem
873 995 1046 1057 sexagenas
1066 973 1209 1050 ovorum}
1230 971 1315 1036 unde
1326 972 1449 1055 possint
1465 970 1612 1054 peregrinit

330 1085 484 1150 pauperes
516 1068 657 1130 recreari.
709 1065 797 1130 Idem
834 1066 932 1127 eciam
970 1065 1109 1128 rusticus
1145 1063 1270 1146 propria
1309 1081 1409 1124 manu
1446 1067 1518 1124 ante
1548 1059 1613 1120 fons

330 1157 460 1219 ecclesie
488 1158 520 1219 in
549 1155 733 1238 Flemiugen
766 1158 799 1218 in
832 1157 939 1238 vigilia
965 1156 1003 1218 ss
1021 1153 1126 1238 Egidii
1152 1152 1275 1216 abbatis
1304 1152 1471 1214 distribuet
1503 1150 1614 1234 quadra·

329 1248 418 1328 ginta
438 1265 536 1328 panes
557 1251 587 1308 et
608 1247 736 1309 totidem
758 1266 818 1308 uva
837 1245 1028 1330 pauperibus
1049 1251 1080 1308 et
1101 1245 1216 1326 egenis.
1259 1241 1349 1317 Quod
1373 1243 1399 1304 si
1415 1244 1549 1304 rusticus
1565 1257 1614 1300 non

330 1337 457 1415 faceret,
484 1355 556 1418 sepe
584 1337 665 1398 dicta
687 1338 775 1398 curia
796 1336 857 1398 sibi
881 1336 1016 1398 auferrig
1037 1354 1110 1397 cum
1134 1335 1217 1415 agris
1239 1334 1352 1414 poterit
1372 1337 1403 1395 et
1423 1333 1485 1394 iuri
1508 1331 1618 1393 alterius

331 1424 470 1490 melioris
496 1425 625 1509 provide
655 1427 836 1508 mancipari.
877 1425 980 1508 Igitur
1007 1427 1160 1508 premissa
1188 1424 1293 1485 omnia
1323 1421 1473 1484 devocius
1495 1421 1617 1484 ordinata
1687 1432 1692 1457 ¹

319 1519 407 1599 «quia
429 1517 467 1579 de
488 1521 596 1579 nostra
615 1517 748 1579 licencia
772 1522 802 1580 ot
823 1517 954 1580 consilio
975 1517 1056 1578 tacta
1078 1520 1166 1592 sunt,
1191 1521 1223 1576 et
1248 1521 1284 1575 ut
1310 1517 1460 1595 perpetue
1480 1510 1620 1574 firmitatis

330 1611 442 1670 robore
466 1607 654 1686 fulciantur,
681 1626 811 1691 presens
838 1609 990 1690 scriptum
1014 1625 1109 1689 super
1135 1624 1171 1668 ca
1203 1604 1381 1666 coniectum
1412 1604 1511 1666 nostri
1541 1599 1620 1682 sigilii
1687 1609 1695 1653 ι’

329 1698 509 1759 testimonio
536 1697 752 1758 communitur
779 1717 852 1759 cum
881 1697 1058 1759 assensione
1084 1695 1230 1774 testium,
1252 1712 1387 1777 quorum
1411 1694 1542 1756 nomina
1561 1696 1623 1752 sunt

330 1788 402 1850 hec:
435 1785 664 1867 humanatus
684 1789 781 1870 prior,
808 1785 1018 1848 Theodericus
1046 1785 1207 1868 quondam
1229 1783 1359 1863 abbas‚¹
1391 1781 1549 1846 Iohannes
1568 1801 1623 1842 nni·

327 1879 425 1958 gister
445 1895 686 1956 conversorum,
711 1876 883 1940 Heinrious
910 1877 948 1938 de
975 1876 1110 1938 uariunt
1139 1875 1326 1938 monachus¹
1348 1877 1379 1936 in
1404 1873 1502 1937 Porta
1527 1881 1557 1936 et
1582 1871 1624 1933 aiii

330 1987 426 2050 quam
455 1968 561 2049 piures
589 1966 650 2028 fide
676 1967 771 2049 digni.
814 1969 894 2028 Acta
920 1971 996 2029 sunt
1024 1967 1082 2030 hec
1109 1985 1192 2028 anno
1220 1966 1453 2028 incarnacionis
1481 1964 1625 2027 dominica
1692 2013 1693 2044 Ξ

330 2065 558 2136 M⁰CCC⁰IIH⁰,
580 2057 613 2118 in
636 2057 685 2118 die
706 2056 869 2118 beatorum
894 2058 1059 2118 martirum
1082 2053 1166 2118 Proti
1189 2062 1219 2118 et
1240 2055 1378 2130 lacincti.

337 2265 339 2271 ,
399 2193 566 2248 aconducto
586 2193 616 2248 D
695 2184 707 2220 b
726 2193 938 2264 proparentibue
958 2193 987 2246 D
1067 2191 1207 2247 ecumT
1283 2179 1402 2243 deciam
1422 2189 1451 2242 D
1536 2183 1626 2240 eetl)

330 2263 429 2352 fbeati
448 2273 478 2326 D
583 2272 729 2327 “aufferri
752 2273 775 2325 T
877 2263 889 2300 ¹¹
916 2273 1050 2328 Virileicht
1076 2273 1146 2327 auch
1174 2269 1286 2326 Ounula
1313 2287 1347 2324 za
1369 2271 1440 2324 tesan
1464 2269 1492 2322 T
1526 2266 1630 2336 ΜΗ

328 2355 333 2380 ¹
356 2351 472 2407 monach
495 2353 520 2406 T
541 2353 609 2419 fehlt
626 2353 656 2406 D

402 2469 410 2498 ¹
430 2469 569 2523 Hiernucb
588 2471 674 2522 haben
691 2469 756 2522 owed
775 2471 855 2523 Aebte
872 2469 918 2523 des
940 2469 1061 2524 Narneno
1081 2468 1203 2522 Dietrich
1226 2467 1401 2520 tramitteibor
1418 2469 1492 2520 nach
1511 2465 1633 2520 dorcades

328 2549 386 2602 dem
405 2547 514 2602 Kioster
533 2549 738 2616 corgestnndem
763 2565 847 2601 ronan
864 2549 912 2602 der
930 2555 1025 2604 erata-e
1042 2549 1181 2617 restaurat
1200 2547 1256 2612 hut,
1283 2547 1349 2600 tricet
1372 2547 1430 2600 sich
1456 2548 1536 2601 nicht
1561 2545 1631 2598 norh-

329 2631 431 2682 eueisen.
473 2629 612 2696 Uotnn‘gene
638 2629 722 2694 findet
739 2629 795 2681 sich
814 2629 900 2681 soiche
918 2627 1094 2696 ltesignotion
1112 2625 1272 2694 wiederhoit,
1298 2629 1366 2680 aB.
1387 2625 1440 2685 Nr.
1453 2632 1510 2682 229
1530 2625 1635 2692 (hibero

330 2707 471 2779 ‹luendam
491 2707 605 2777 abbae);
623 2708 761 2761 hesauria-n
778 2709 1011 2761 berrtmhenamertb
1025 2710 1088 2761 aber
1100 2708 1135 2760 ist
1150 2723 1185 2774 ee,
1204 2707 1268 2760 dues
1280 2708 1310 2760 in
1320 2710 1392 2761 εἱηετ
1406 2707 1470 2762 Urit.
1491 2727 1515 2765 o.
1526 2709 1554 2761 J.
1566 2709 1634 2760 1408.

328 2789 427 2842 dunih
445 2805 524 2856 cogar·
541 2790 606 2840 zwci
623 2788 765 2856 ehemah'ge
785 2788 866 2840 Aebte
885 2788 1035 2852 (Iohannes
1053 2789 1088 2842 de
1107 2787 1189 2841 Caela
1209 2794 1238 2842 et
1257 2787 1395 2842 Iohannes
1414 2788 1451 2844 de
1463 2787 1635 2856 Wendingess

330 2868 396 2923 olim
416 2867 541 2933 abbates)
561 2869 736 2922 vorhormaen.

855 2995 1107 3004 --——---—.-—-

329 3081 447 3162 leot.
477 3079 666 3160 Oktoher
682 3079 745 3161 25.
1553 3077 1640 3165 395.

410 3225 473 3288 Abt
496 3223 601 3288 Simon
623 3224 692 3288 rond
713 3225 773 3287 cias
793 3225 921 3289 Kiostcr
942 3226 1091 3309 Horsfcht
1117 3227 1319 3291 ‘certauschen
1347 3246 1391 3290 aa
1414 3227 1478 3292 Aba
1499 3223 1642 3292 Diceret

369 3315 518 3378 thracidas
540 3315 792 3396 Klostchforte
820 3321 862 3380 10
881 3315 993 3398 Hufea
1015 3320 1051 3381 in
1075 3317 1262 3394 Brcnabach,
1292 3337 1351 3381 ooo
1379 3317 1480 3381 denen
1510 3322 1532 3381 5
1561 3313 1647 3392 Grut'

369 3405 534 3468 Friedrich
565 3425 624 3468 oon
656 3403 865 3469 Raoarswaat
892 3427 932 3471 eu
964 3407 1069 3472 Leben
1101 3409 1223 3488 gcirobt,
1256 3409 1307 3471 die
1334 3405 1463 3471 cerdera!
1486 3412 1509 3471 5
1542 3405 1646 3488 Plinii·

369 3496 460 3559 schoa
482 3517 535 3558 oor
557 3495 673 3574 einiger
696 3495 763 3558 Zea
784 3499 937 3560 ercombert
957 3497 1026 3574 bot,
1058 3499 1126 3562 acad
1145 3503 1186 3562 16
1207 3495 1320 3579 Hersen
1342 3518 1383 3562 ou
1407 3497 1572 3578 Lissdorf
1594 3496 1645 3556 orit

370 3587 437 3648 dem
460 3587 614 3648 Pohonot
635 3585 710 3648 iiber·
738 3585 789 3648 dic
815 3587 934 3666 dortige
954 3587 1087 3666 Kirohc,
1118 3589 1175 3650 mit
1200 3589 1299 3650 denen
1327 3587 1378 3650 clio
1409 3587 1546 3668 Grofen
1572 3583 1648 3648 Her-

369 3695 477 3750 mann,
503 3673 569 3738 ono
590 3675 659 3737 ond
682 3673 834 3738 Heinrich
855 3697 914 3740 ooo
928 3674 1120 3740 Orlomitnde
1140 3675 1209 3739 und
1224 3697 1283 3740 eon
1302 3678 1407 3740 diesen
1426 3677 1551 3740 wieder
1565 3673 1653 3753 Grai

371 3765 538 3828 Iv'ricrt'rich
562 3785 620 3828 oon
643 3764 851 3829 Rubenmoold
879 3769 947 3830 aad
974 3770 1041 3830 sein
1064 3768 1194 3832 Brodcr
1216 3767 1346 3832 Bertold
1367 3767 1488 3832 belabat
1511 3785 1651 3849 geraesto

370 3857 454 3931 sind,
474 3877 569 3936 yeyen
592 3860 636 3921 26
658 3853 772 3936 Hufen
792 3859 849 3919 nait
870 3859 938 3920 dem
951 3859 1105 3922 Patronot
1125 3859 1200 3923 iiber
1221 3861 1272 3924 die
1287 3859 1406 3923 Kircbo
1427 3859 1463 3922 in
1475 3858 1649 3924 Liebstodt

368 3946 432 4028 Vqr.
455 3945 514 4011 Nr.
530 3951 605 4012 396.

481 4074 614 4129 Hdschr.:
632 4076 661 4130 D
675 4066 729 4130 59¹³
749 4077 800 4143 (tit.
815 4075 922 4130 Listorf
939 4081 967 4129 et
985 4075 1165 4144 Brantbach).
1206 4066 1318 4131 Meet.

480 4166 606 4221 Dmcice:
624 4168 734 4233 Bdhme,
757 4168 933 4236 Todtboiiany
950 4173 991 4222 74.
1030 4169 1166 4222 Dentsch:
1192 4169 1277 4236 Wolff
1288 4167 1330 4234 ΙΙ,
1346 4171 1408 4222 295.
1443 4167 1507 4237 Vyi.
1526 4167 1655 4238 Lepcim

532 4247 663 4302 macer.
677 4249 718 4312 Η,
739 4253 798 4303 164.
836 4267 858 4303 e.
870 4249 1048 4304 marmana
1067 4240 1147 4304 1171’.

409 4368 448 4433 in
477 4374 606 4435 nomine
635 4373 762 4436 domini.
802 4375 915 4436 Amen.
960 4371 1026 4436 Nos
1047 4371 1167 4453 Symon
1196 4374 1245 4436 dei
1266 4373 1367 4456 gratia
1389 4369 1490 4434 abbas
1517 4373 1658 4437 ecclesie

331 4456 562 4524 Hersfcldcnsis
589 4466 845 4546 recognoscimus
874 4465 904 4524 in
934 4462 995 4526 hiis
1022 4465 1159 4546 scriptis
1188 4463 1271 4546 qrrod
1300 4463 1338 4524 de
1362 4460 1445 4524 bona
1480 4463 1658 4526 voluntate¹

330 4556 360 4612 et
389 4553 531 4614 unanimi
563 4571 719 4644 consensu
750 4554 934 4616 dilectorum
962 4556 995 4616 in
1018 4553 1141 4617 Christo
1171 4551 1313 4634 Gyseleri
1343 4551 1466 4632 decani,
1501 4551 1660 4620 Heinrich
