3506 5148
697 413 818 472 urmes.
839 413 914 470 1320.
1404 413 1458 470 463

157 562 274 644 gurdis
296 563 334 628 de
355 562 624 646 Weriugeshusen
651 566 722 629 iure
748 566 933 630 hereditario
962 567 1114 632 hactenus
1135 565 1350 651 possederunt.
1392 564 1461 630 Hoc

157 656 307 717 universa
333 661 364 718 et
393 656 518 736 singula
549 675 604 738 pro
626 658 783 737 octoginta
804 662 836 721 et
856 663 992 740 quatuor
1010 660 1125 722 marcis
1145 658 1317 722 examinati
1338 657 1461 739 argenti

157 744 287 826 predicti
308 745 446 826 religiosi
468 744 550 828 apud
572 765 622 809 me
644 749 727 810 iusto
747 748 916 830 emptionis
937 749 1038 828 tytulo
1054 755 1307 832 conparaverunt
1321 753 1352 811 et
1367 749 1461 810 certis

156 835 300 896 terminis
322 855 360 898 ex
383 837 505 916 integro
526 837 753 919 persolverunt.
797 838 870 920 Ipsa
892 857 963 902 vero
990 839 1177 922 pecuniam
1200 839 1458 920 conpnracionem

158 925 323 988 meliorum
349 927 503 991 bonorum
527 928 645 991 utiliter
666 933 712 991 est
731 948 893 993 conversa.
930 927 1072 1004 Quorum
1097 930 1227 1012 quidem
1249 929 1460 1012 predictorum

157 1035 338 1079 mansorum
361 1023 498 1098 quatuor
517 1037 591 1082 cum
613 1019 720 1082 decem
742 1020 826 1101 egris
847 1020 994 1102 predictis
1015 1033 1069 1083 ao⁰
1090 1021 1159 1084 aliis
1180 1021 1247 1084 suis
1268 1017 1461 1101 appendiciis

157 1110 188 1169 et
222 1105 472 1170 obveucionibus
507 1129 602 1191 supra
635 1111 807 1173 nominatis
837 1131 856 1174 a
886 1110 984 1173 nobili
1015 1113 1084 1173 viro
1117 1110 1244 1174 domiuo
1273 1108 1459 1172 Hermanno

158 1197 272 1259 comite
299 1197 337 1259 de
366 1196 521 1278 Glycheu,
549 1200 711 1262 residuum
739 1221 813 1263 vero
842 1220 989 1264 mansum
1018 1221 1091 1264 cum
1122 1202 1190 1264 suis
1219 1199 1413 1283 appendiciis
1441 1219 1460 1260 a

158 1287 232 1351 tiliis
264 1287 385 1350 domini
415 1287 472 1351 Ian
504 1290 664 1372 quondum
695 1289 733 1353 de
764 1290 1026 1354 Heruersleiben¹
1054 1293 1086 1354 in
1118 1291 1208 1355 feodo
1238 1289 1333 1352 habui
1359 1299 1390 1352 et
1420 1288 1458 1351 ad

161 1399 277 1442 manus
305 1379 447 1460 ipserum
475 1399 539 1442 uua
565 1399 637 1443 cum
666 1383 766 1444 amieo
794 1402 864 1444 meo
892 1381 1058 1445 Bertoldog
1086 1382 1168 1444 dicto
1190 1380 1380 1458 Wsteuem,
1407 1379 1456 1441 cui

159 1469 269 1531 cadem
297 1467 379 1531 boua
404 1468 443 1531 ud
470 1489 600 1533 manum
628 1471 752 1534 fidelem
777 1471 887 1535 collata
914 1473 1052 1549 fuerant,
1080 1471 1177 1534 libore
1194 1471 1351 1552 resignavi
1374 1488 1460 1532 acce·

157 1559 250 1622 dente
276 1559 368 1642 pleno
397 1579 555 1623 consensu
582 1566 613 1623 et
636 1561 716 1624 burm
740 1562 901 1624 voluntate
926 1561 1036 1635 dilecte
1057 1563 1167 1624 rixeris
1188 1579 1257 1624 mee
1279 1559 1460 1635 Gerdrudis,

156 1650 207 1711 orvi
238 1637 396 1730 predictus
421 1651 553 1732 quintus
584 1671 714 1714 mausus
745 1653 874 1715 nomine
902 1652 1038 1715 dotalicii
1070 1652 1202 1714 collatus
1232 1651 1334 1714 fuerat
1358 1656 1388 1713 et
1420 1647 1458 1710 ub

155 1740 263 1802 eadem
293 1739 389 1803 libere
416 1742 602 1822 resignatus.
654 1741 755 1824 Igitur
785 1743 918 1824 cupiens
944 1741 1092 1824 predictis
1116 1741 1271 1822 religiosis
1297 1761 1315 1804 a
1342 1739 1458 1802 futuris

156 1830 304 1913 periculis
332 1830 494 1914 providere
521 1833 752 1914 possessionem
784 1830 928 1894 omnium
952 1831 1164 1914 predictorum
1196 1829 1373 1909 bonorum,
1406 1829 1457 1890 ius

155 1921 258 2000 fundi,
279 1921 465 2004 superficiei,
487 1922 595 1984 directi
617 1929 647 1984 et
669 1922 756 1985 utilis
778 1923 910 1984 dominii
932 1941 1005 1985 cnm
1027 1923 1115 1984 omni
1131 1921 1356 2000 iurisdictione,
1377 1920 1459 1982 sicut

155 2011 308 2074 haetenus
339 2012 376 2074 ad
409 2031 459 2074 me
488 2013 645 2093 pertinere
674 2010 877 2087 videbantur,
911 2013 943 2074 iu
974 2013 1026 2074 ius
1051 2017 1083 2075 et
1109 2011 1286 2074 dominium
1317 2010 1457 2091 ipsorum

155 2101 302 2164 transtuli
329 2107 360 2166 et
386 2101 539 2165 transfero
568 2121 622 2184 per
651 2108 821 2184 presentes,
843 2101 1090 2165 abrenunctiaus
1110 2121 1166 2184 pro
1187 2121 1237 2164 me
1258 2105 1289 2164 et
1310 2098 1460 2162 omuibus

157 2193 237 2254 mois
260 2190 466 2255 coheredibus
487 2192 637 2256 omnibus
658 2192 797 2268 iuribus
819 2193 931 2256 usibus
951 2199 982 2256 et
1004 2191 1202 2268 utilitatibus,
1224 2210 1287 2274 que
1307 2190 1461 2252 hacteuus

155 2281 253 2344 habui
281 2284 312 2344 in
342 2281 432 2346 bouis
461 2283 578 2345 eisdem
606 2302 661 2345 seu
695 2302 797 2345 essem
818 2284 850 2344 in
873 2288 1032 2365 posterum
1057 2282 1230 2345 habiturus
1272 2281 1373 2362 Super
1397 2281 1461 2342 evi·

153 2373 269 2434 ctionis
299 2391 425 2456 quoque
452 2377 482 2436 et
507 2372 759 2455 givaraudiarum
782 2374 933 2436 concione
954 2373 1150 2436 iusticialiter
1170 2371 1313 2434 facienda
1333 2390 1460 2452 presen-

154 2460 241 2525 tibus
268 2481 319 2524 me
345 2463 536 2546 constringo,
585 2461 625 2526 m
652 2465 727 2545 quia
748 2463 885 2546 predicta
908 2464 990 2527 bena
1017 2465 1165 2526 universa
1191 2469 1222 2526 et
1247 2461 1374 2543 singule
1402 2462 1461 2522 sita

156 2553 288 2614 suntin
310 2552 384 2615 villa
405 2560 435 2616 ot
455 2555 488 2616 iu
511 2573 621 2636 campo
640 2551 905 2634 llymdeleybenl‘,
926 2575 988 2637 que
1009 2556 1069 2617 site
1090 2558 1137 2617 est
1157 2554 1239 2616 inter
1260 2553 1383 2614 curiam
1396 2549 1461 2614 Ver

153 2651 184 2704 et
212 2640 320 2703 villam
346 2641 605 2723 Hastenleybeul,
633 2662 737 2705 eoram
766 2643 868 2706 iudice
894 2645 996 2726 ipsius
1024 2644 1099 2706 ville
1127 2644 1233 2706 omnia
1262 2639 1461 2723 supradicta

154 2738 232 2795 suut
253 2737 391 2810 tractata,
413 2740 450 2796 ut
471 2733 575 2795 omnis
591 2731 655 2794 doli
671 2734 792 2795 occasio
812 2733 938 2816 plenius
955 2738 1144 2815 amputetur.
1178 2732 1218 2794 m
1232 2732 1307 2814 quia
1320 2729 1460 2812 sigillum

154 2823 316 2906 proprium
343 2841 405 2884 uon
433 2822 545 2898 habeo,
574 2821 676 2901 sigillo
704 2821 825 2886 domini
850 2822 973 2886 abbatis
995 2823 1177 2885 monasterii
1200 2821 1299 2884 sancti
1321 2819 1405 2882 Petri
1426 2820 1460 2880 iu

152 2911 299 2974 Error-dia
321 2912 520 2994 presentibus
543 2932 613 2974 sum
637 2917 813 2975 contentus.
856 2911 897 2975 m
917 2933 974 2990 ego
995 2912 1206 2976 Theodericus
1227 2911 1330 2973 dictus
1349 2908 1460 2971 Riudt-

152 3003 236 3064 irae·
257 3003 362 3065 senior
384 3022 538 3065 unacum
562 3001 635 3065 filiis
657 3003 736 3065 meis
757 3001 908 3081 Conrado,
930 3002 1090 3079 HeinricO,
1113 3001 1259 3065 Bertoldo
1282 3005 1313 3062 et
1331 2999 1460 3061 Alberto

152 3093 409 3174 recognoscimus
439 3092 578 3174 prodicta
607 3093 713 3155 omnin
736 3093 773 3155 de
795 3099 901 3155 nostro
922 3113 1080 3156 consensu
1102 3093 1242 3175 plenarie
1264 3091 1461 3173 processisse,

152 3183 317 3266 presertim
341 3202 414 3244 cum
435 3181 594 3263 predictus
613 3180 823 3246 Theodericus
852 3183 938 3246 filius
964 3204 1055 3246 meus
1083 3205 1101 3246 a
1125 3182 1216 3245 nobis
1237 3183 1298 3244 rite
1318 3185 1348 3242 et
1368 3180 1460 3241 iusti-

152 3271 273 3334 cialiter
294 3271 414 3335 dudum
438 3273 532 3334 suerit
554 3278 731 3354 separatim,
760 3274 815 3353 qui
843 3273 952 3336 eadem
971 3271 1056 3334 bona
1078 3273 1217 3355 predicta
1238 3273 1305 3334 suis
1326 3271 1461 3352 propriis

151 3362 292 3425 denariis
324 3367 355 3424 et
386 3360 547 3423 laboribus
577 3363 779 3444 conquisivit.
826 3361 866 3424 dt
893 3383 950 3445 ogo
972 3363 1146 3425 Gerdrudis
1173 3381 1254 3424 uxor
1280 3359 1461 3422 Theoderici

151 3453 283 3537 predicti
304 3471 493 3532 recognosco
526 3471 576 3514 me
597 3453 733 3535 predicte
755 3451 932 3515 vendicioni
955 3473 1143 3516 consensum
1168 3451 1352 3515 adhibuisse
1372 3449 1460 3512 beni-

154 3543 259 3606 volum
290 3547 321 3604 et
347 3547 490 3624 paratum
519 3549 550 3604 et
575 3543 636 3605 iuri
665 3541 801 3604 dotalicii
824 3544 927 3624 quinti
950 3545 1053 3607 mansi
1075 3543 1205 3626 predicti
1228 3561 1279 3605 mc
1302 3540 1460 3604 abrenun-

151 3634 266 3695 ctiasse
296 3631 385 3693 nulla
414 3633 575 3708 coactione
599 3650 728 3712 prorsus
756 3632 999 3708 interveniente,
1033 3653 1127 3713 quem,
1150 3635 1275 3694 eciamm
1297 3631 1394 3694 libere
1413 3651 1461 3692 re-

152 3721 287 3804 signavi,
309 3741 382 3783 cum
406 3723 437 3782 in
462 3720 645 3783 melioribus
667 3720 759 3782 bonis
783 3722 859 3783 mihi
880 3724 1038 3806 copiosius
1060 3724 1099 3784 sit
1120 3723 1293 3804 provisum,
1314 3725 1346 3783 et
1367 3739 1461 3802 super

152 3810 378 3874 ratihabicione
413 3812 639 3893 premissorum
676 3830 781 3872 coram
818 3813 955 3893 predicto
987 3812 1090 3875 iudice
1124 3814 1157 3874 in
1192 3811 1323 3873 ecclesia
1360 3813 1461 3872 sancti

152 3901 319 3964 laurencii
346 3895 378 3962 in
401 3899 546 3962 Erfurdia
575 3907 718 3982 presente
745 3899 877 3982 plebano
906 3909 936 3965 ot
961 3902 1030 3964 aliis
1055 3899 1202 3984 pluribus
1224 3899 1362 3962 honestis
1383 3899 1460 3961 viris
1524 3921 1531 3940 ·

152 3991 314 4072 solempne
342 3992 466 4072 prestiti
497 3991 737 4053 iuramentum·
775 3989 816 4052 Et
851 4012 909 4054 uos
941 3993 1098 4054 lohannes
1139 3991 1188 4052 dei
1222 3991 1328 4070 gracia
1363 3986 1460 4051 abbas

154 4079 335 4144 monasterii
367 4081 467 4142 sancti
490 4079 572 4142 Petri
596 4080 626 4140 iu
653 4079 810 4143 Erffordia
839 4082 969 4164 predicti
997 4081 1252 4158 recognoscimus
1277 4078 1404 4160 singula
1429 4085 1461 4140 et

152 4172 303 4233 universa
325 4170 462 4251 predicta
485 4169 646 4232 veritatem
667 4171 849 4252 peremnia
870 4173 1039 4235 continere.
1072 4170 1111 4232 let
1132 4170 1170 4232 ad
1193 4168 1291 4232 robur
1306 4188 1342 4231 ac
1362 4167 1460 4230 firmi-

153 4267 249 4323 tatem
279 4261 503 4341 premissorum
532 4259 671 4339 sigillum
702 4267 845 4323 nostrum
875 4261 912 4322 ad
947 4261 1133 4343 peticionem
1167 4262 1335 4340 utriusque
1362 4260 1459 4339 partis

154 4349 353 4431 presentibus
365 4357 413 4412 est
422 4369 607 4432 appensum.
634 4347 750 4412 Datum
764 4351 796 4412 in
810 4349 964 4412 Erlfordia
974 4369 1058 4411 anuo
1072 4348 1214 4411 domini¹¹
1232 4357 1366 4413 M⁰GCC⁰
1377 4356 1460 4426 XX0,

150 4441 223 4503 idus
256 4438 456 4522 Septembris.
508 4438 614 4503 Testes
645 4445 722 4503 suut
753 4441 903 4504 dominus
934 4439 1105 4503 Heinricus
1137 4439 1314 4522 prepositus
1345 4440 1459 4500 sancti-

150 4530 339 4592 monialium
362 4529 401 4593 ad
424 4536 569 4593 sanctum
591 4528 761 4593 Martinam
785 4537 874 4594 extra
895 4531 1054 4594 civitatem
1075 4529 1280 4608 Erffordiam,
1310 4527 1460 4592 dominus
