3390 5148
510 341 560 400 Νι.
573 341 720 399 ala-213.
742 341 922 397 laos-1269.
1314 343 1367 398 228

81 496 274 580 principibus·
287 495 422 576 aliisque
448 494 564 560 Christi
589 493 740 558 fidelibus
765 491 994 557 rationabiliter
1013 492 1102 557 vobis
1123 499 1155 557 et
1175 496 1366 560 monasterio

81 585 205 670 predicto
225 585 374 662 indultas,
395 585 478 648 sicin
499 605 552 648 eas
569 585 652 648 iuste
676 603 713 646 ao
735 583 866 665 pacifice
889 582 1047 661 obtinetis,
1068 582 1159 646 vobis
1181 589 1213 647 et
1232 604 1290 668 per
1311 605 1368 648 vos

81 676 164 740 eidem
186 677 378 738 monasterio
401 675 587 738 auctoritate
608 672 781 756 apostolica
801 673 1029 736 confirmamus
1044 679 1076 736 et
1089 676 1246 756 presentis
1260 675 1367 759 scripti

81 767 239 848 patrocinio
268 765 511 828 communimus.
563 761 672 827 Nulli⁸
701 781 777 843 ergo
804 763 933 825 omnino
965 764 1129 826 bominum
1160 763 1255 828 liceat
1286 766 1368 828 hanc

80 859 209 938 paginam
239 861 346 919 nostre
371 855 623 918 confirmationis
649 853 822 934 infringere
856 852 905 914 vel
933 853 962 914 ei
990 872 1070 914 mrsu
1098 855 1265 916 temerario
1294 874 1369 917 con-

81 948 166 1008 traire.
220 945 253 1008 Si
290 946 362 1026 quis
392 951 498 1007 autem
537 944 595 1005 boc
624 947 810 1024 attemptare
843 943 1083 1024 presumpserit,
1118 942 1369 1023 indignationem

81 1036 290 1118 omnipotentis
312 1034 414 1098 delet
434 1033 598 1096 beatorum
613 1031 701 1094 Petri
721 1037 753 1094 et
763 1030 856 1094 Pauli
877 1031 1090 1113 apostolorum
1114 1033 1183 1096 eius
1198 1053 1232 1096 se
1246 1035 1372 1096 noven't

80 1125 277 1188 incursurum.
338 1121 457 1186 Datum
488 1121 624 1185 Viterbii
664 1121 737 1183 idus
779 1119 986 1203 Septembris,
1027 1122 1231 1204 pontificatus
1272 1126 1371 1187 nostri

81 1233 148 1276 anno
174 1219 296 1295 quarta.

135 1347 147 1374 ³
165 1348 228 1399 Ans
245 1343 341 1398 nullus
358 1343 444 1398 durch
463 1345 557 1399 Bucar
574 1343 605 1396 in
623 1341 691 1397 nulli
711 1341 851 1396 rarescat

80 1603 182 1687 1269.
208 1603 379 1686 ianuar
404 1603 442 1686 3.
1285 1606 1371 1690 213.

146 1741 292 1806 Amant
310 1741 486 1823 Landgraf
495 1760 554 1806 von
567 1739 752 1821 Tbtiringen
772 1739 932 1816 defundet
954 1739 1030 1802 dass
1048 1740 1100 1804 die
1113 1740 1243 1806 Briidcr
1253 1742 1379 1825 Ludolf

112 1833 175 1896 aad
198 1829 349 1896 Heinrich
366 1852 425 1895 von
446 1829 603 1894 Berlstedt
629 1829 778 1910 3Hafen
799 1830 953 1892 eadsine
972 1829 1085 1893 Monte
1104 1832 1140 1894 in
1164 1829 1373 1896 Odor-liobae

112 1924 197 1986 seroie
209 1921 394 1986 andatbaib
408 1921 519 2003 Hufcn
534 1921 571 1984 in
585 1919 744 1984 Elrudedt
757 1921 816 2001 fiir
831 1925 896 1983 100
909 1919 1007 1983 Maria
1018 1919 1115 1984 siber
1125 1941 1168 1983 ora
1178 1921 1238 1984 das
1248 1921 1374 1986 Kloatcr

114 2012 215 2092 Psorte
234 2011 382 2092 onkanft
401 2011 469 2073 und
490 2009 658 2074 demsclben
683 2009 743 2073 dns
766 2009 1017 2072 Paeonas-ectr
1036 2011 1111 2073 iiber
1130 2009 1181 2073 die
1200 2009 1318 2075 Kircbe
1338 2013 1373 2074 in

116 2100 323 2164 beer-Treba
342 2100 519 2163 dberlasscn
538 2099 646 2163 baben.

219 2234 353 2290 Herna:
371 2233 402 2288 D
420 2237 454 2288 45
474 2235 525 2302 (tit.
540 2233 740 2296 Obertrebere).
771 2235 797 2288 Τ
811 2238 871 2292 182.

218 2341 330 2395 Druck:
348 2339 481 2394 Derrtecb:
504 2339 590 2410 Wolff
604 2338 647 2408 11,
666 2343 724 2395 159.
749 2339 805 2408 Vgl.
824 2358 844 2394 r.
859 2339 1007 2410 Βεὴόιώσῃι)
1025 2343 1084 2396 157.

150 2468 188 2532 Iu
215 2468 346 2530 nomine
373 2467 503 2531 domini.
532 2468 645 2530 Amen.
692 2468 845 2531 Albertus
877 2468 928 2530 dei
962 2469 1063 2550 gratia
1092 2468 1263 2552 Thuringie
1295 2470 1376 2534 lant-

81 2561 199 2639 gravius
225 2564 258 2622 et
274 2558 413 2620 Saxonis
439 2577 546 2621 comes
571 2558 730 2640 palatinus
755 2558 914 2621 universis
935 2557 1052 2621 Christi
1076 2557 1227 2623 fidelibus
1253 2561 1285 2622 iu
1306 2579 1377 2644 per-

80 2654 211 2729 petuum.
242 2647 467 2712 Necessarium
488 2647 580 2710 valde
603 2653 651 2711 est
671 2653 703 2710 et
722 2648 1107 2726 rationiconsentaneum
1128 2653 1165 2710 ut
1179 2649 1377 2712 rationabilia

81 2739 237 2802 hominurn
247 2739 573 2822 gestascripturarum
584 2738 802 2820 permanentia
811 2737 994 2816 frdoinntnr,
1010 2755 1050 2800 ne
1066 2737 1247 2801 labentibus
1258 2745 1378 2822 tempo-

82 2848 145 2890 rum
165 2828 333 2892 curriculis
352 2847 410 2911 per·
431 2827 600 2890 oblivionis
620 2827 790 2890 incomoda
809 2833 1008 2910 posterorum
1035 2827 1150 2890 noticie
1176 2828 1377 2910 aliquatenus

81 2917 307 2981 subtrahantur.
358 2917 492 2981 Noverit
524 2918 621 3000 igitur
657 2925 720 2980 tam
758 2935 889 2999 presens
921 2915 1085 2980 hominum
1116 2923 1183 2980 etas
1215 2938 1310 3000 quani
1344 2921 1376 2981 in

82 3005 197 3071 Christo
225 3009 393 3091 posteritas
421 3026 623 3087 successura,
650 3006 736 3088 quod
762 3005 909 3070 Lutolfus
937 3012 968 3069 et
996 3005 1168 3071 Heinricus
1196 3007 1311 3070 fratres
1337 3009 1376 3072 de

81 3095 247 3160 Berlstete⁸
267 3097 438 3160 accedente
451 3115 609 3160 consensu
627 3097 738 3159 matris
750 3115 870 3173 eorum,
886 3095 1013 3158 domine
1025 3096 1207 3172 Adelhedis,
1218 3103 1250 3160 et
1261 3099 1378 3160 sororis

81 3184 213 3266 ipsomm
224 3187 353 3249 nomine
365 3185 501 3273 Berohte
511 3205 571 3248 neo
583 3205 647 3249 non
658 3185 812 3249 heredum
828 3185 1012 3248 eorumdem
1030 3190 1094 3248 tres
1105 3205 1233 3249 mansos
1246 3189 1323 3250 sitos
1344 3190 1376 3250 in

82 3274 159 3354 villa
172 3295 232 3358 qne
244 3275 419 3358 vulgariter
429 3275 606 3359 appellatur
617 3274 835 3354 Obertrebere‚
850 3293 923 3337 cum
936 3275 1084 3338 omnibus
1095 3277 1161 3338 suis
1172 3278 1379 3360 pertinentiis

82 3365 195 3429 scilicet
215 3367 312 3445 arete,
335 3367 420 3444 ortis,
441 3366 547 3449 pratis,
569 3365 728 3447 virgultis,
749 3365 883 3447 campis,
904 3365 1039 3448 pascuis
1061 3364 1171 3428 salicto
1192 3369 1224 3429 et
1244 3367 1379 3449 piscaris

81 3453 114 3514 in
137 3455 235 3518 fluvio
264 3453 411 3535 Ylmina‚
448 3455 619 3538 incipiente
651 3455 735 3516 infra
762 3455 995 3518 retentaculum
1024 3473 1106 3536 aque
1132 3461 1163 3518 et
1187 3456 1319 3520 finiente
1345 3457 1377 3518 in

83 3545 171 3625 vado,
191 3553 223 3610 et
249 3544 469 3608 molendinum
496 3545 530 3608 in
546 3545 658 3608 eodem
689 3543 790 3606 fluvio
820 3549 852 3607 et
872 3544 984 3607 eadem
1004 3544 1080 3607 villa
1096 3546 1207 3626 situm,
1235 3553 1378 3630 preterea

81 3653 221 3698 mansum
242 3641 274 3699 et
299 3635 468 3698 dimidium
489 3635 566 3698 sitos
588 3635 621 3696 in
640 3633 894 3697 villallberstete
917 3635 962 3697 sic
981 3640 1104 3712 vocata,
1126 3653 1206 3716 quos
1218 3636 1379 3700 Wolfems

83 3723 187 3788 habuit
213 3731 245 3789 et
268 3725 365 3789 habet
392 3724 581 3788 hereditario
609 3725 693 3800 iure,
721 3723 760 3786 de
784 3721 900 3804 quibus
920 3724 1005 3786 idem
1026 3723 1124 3804 Wol,
1146 3726 1228 3788 sicut
1248 3731 1380 3788 actenus

83 3815 206 3893 prefatis
225 3813 259 3878 L.
277 3820 309 3878 et
323 3814 363 3877 Η.
385 3813 537 3877 fratribus
558 3813 662 3886 solvit
684 3813 834 3894 deinceps
855 3812 998 3892 quolibet
1018 3833 1102 3876 anno
1124 3815 1226 3878 solvet
1247 3815 1380 3878 ecclesie

83 3899 222 3967 Portensi
243 3905 386 3984 quinque
407 3904 547 3966 fertones
568 3901 690 3966 usualis
715 3907 841 3964 monete
863 3901 949 3964 illins
971 3907 1069 3981 terre,
1092 3923 1154 3986 que
1180 3905 1286 3966 omnia
1306 3923 1380 3985 sepe

84 3989 157 4054 dicti
175 3991 207 4056 L.
229 4000 260 4056 et
281 3992 320 4056 H.
342 3994 456 4055 fratres
481 3993 550 4054 iure
579 3991 785 4074 proprietario
814 3990 1027 4074 possidebant
1050 3993 1265 4055 vendiderunt
1285 4011 1380 4056 vene·

84 4079 230 4146 rabilibus
241 4083 387 4162 dominis„
399 4081 505 4144 abbati
527 4087 558 4146 et
578 4081 750 4146 conventui
771 4081 956 4145 monasterii
978 4081 1017 4144 de
1033 4081 1137 4160 Porta,
1159 4102 1215 4164 pro
1231 4091 1251 4144 C
1265 4083 1381 4144 marcis

84 4173 200 4252 argenti
226 4171 424 4255 integraliter
450 4172 620 4254 persolutis
645 4172 773 4235 eisdem.
815 4169 1099 4234 Renunciaverunt
1126 4173 1221 4234 etiam
1248 4171 1382 4255 predicti

85 4255 116 4319 L.
137 4265 168 4322 ef
186 4261 238 4326 ΗΡ
260 4261 374 4324 fratres
402 4268 434 4324 et
461 4267 562 4324 nrater
590 4267 621 4324 et
648 4281 738 4325 soror
763 4279 821 4324 nec
848 4280 913 4322 non
934 4260 1068 4324 heredes
1089 4261 1274 4324 eorumdem
1295 4261 1381 4323 omni

86 4347 144 4411 iuri
168 4352 200 4412 in
227 4349 391 4435 prelibatis
412 4351 505 4414 bonis
525 4351 603 4434 ipsis
625 4351 831 4434 competenti,
851 4351 953 4433 primo
977 4349 1106 4430 quidem
1128 4351 1161 4412 in
1183 4351 1272 4413 curia
1292 4351 1382 4413 Berl-

87 4443 161 4502 stcte
187 4442 386 4524 presentibus
412 4441 488 4518 hiis,
516 4441 666 4505 videlicet
691 4441 787 4505 Petro
816 4440 915 4503 milite
942 4440 981 4503 de
999 4440 1156 4503 Berlstete
1178 4445 1209 4504 et
1229 4440 1381 4503 Heinrioo

88 4525 124 4589 de
150 4529 317 4612 Berlstete‚
345 4549 382 4594 ac
413 4530 529 4594 deinde
557 4549 665 4594 coram
691 4530 808 4594 nostris
835 4527 996 4593 iudicibus
1022 4529 1219 4610 Botenstete‚
1245 4548 1381 4610 quornm
