3392 5150
305 341 358 394 296
679 339 911 398 Urlrundaabueh
928 341 977 398 des
995 343 1120 400 Kloatera
1138 343 1240 400 Psorte.

307 487 418 570 1291.
443 489 539 570 Jull
565 490 628 574 25.
1518 495 1597 578 302.

386 645 552 710 Hermann
576 645 695 728 Prepst,
722 648 905 728 Marpurcte
925 648 1054 712 Hieran
1075 648 1144 711 und
1164 648 1219 711 der
1240 647 1387 713 Kouaent
1408 648 1598 713 dcrNonnen

344 755 387 800 aa
409 735 573 816 Scheiplita
599 739 785 819 emimufen,
814 735 913 801 duret
935 736 1091 800 Scbuldea
1110 738 1276 817 pedrc'tnqt,
1306 740 1363 801 mit
1382 738 1598 820 Einadlliprmq
1679 747 1680 798 3

346 825 400 888 des
420 826 515 889 Abies
536 827 720 908 Merquerd
740 848 799 890 een
820 827 1107 890 Reiahordsbmna
1132 825 1274 909 5Husca
1296 827 1330 891 in
1340 827 1598 892 Nesea-Motae

345 915 404 995 seir
426 919 470 980 35
490 917 591 981 Morio
612 939 656 981 on
677 919 736 980 das
758 916 885 981 Kloster
908 915 1021 1000 Pferte.
1071 917 1136 997 Vpl.
1160 916 1220 981 Nr.
1234 923 1310 982 303.

459 1061 592 1117 Hdacbm
613 1064 685 1122 Tae.
722 1063 813 1119 D124
831 1064 883 1130 (tit.
903 1062 1007 1132 Mallir)
1026 1063 1075 1118 mit
1092 1062 1259 1118 subtractam
1282 1063 1499 1134 Varkatrtmapea.

456 1177 565 1232 Dmot:
585 1178 720 1233 Deatmb:
743 1180 828 1247 Wolff
833 1179 877 1245 ΙΙ,
894 1183 955 1236 230.

346 1311 561 1377 Permissione
583 1313 690 1376 divina
702 1313 909 1376 Hermannus
929 1312 1116 1395 prepositus
1137 1310 1317 1394 Margareta
1332 1311 1598 1395 priorissatotum·

308 1421 369 1483 que
412 1403 581 1484 collegium
618 1401 907 1482 sanctimonialium
935 1401 1069 1465 eeclesia
1101 1401 1203 1464 saneti
1233 1401 1362 1464 Martini
1395 1402 1429 1464 in
1462 1400 1599 1484 Schiplitr

285 1511 290 1521 ·
307 1491 428 1576 ordinis
450 1494 550 1555 sancti
561 1493 737 1570 Benedicti,
758 1491 1038 1557 Halberstadensis
1057 1492 1202 1569 diocesis,
1223 1491 1383 1556 universis
1394 1491 1510 1556 Christi
1530 1492 1599 1554 lide·
1682 1517 1683 1560 t

306 1581 391 1644 libus
417 1582 659 1665 imperpetuum.
702 1582 859 1658 Quoniam
886 1582 1048 1664 generatio
1075 1582 1208 1664 preterit
1234 1585 1266 1644 et
1292 1583 1456 1664 generatio
1482 1582 1599 1646 advenit

306 1678 338 1734 et
368 1672 564 1756 temporibus
595 1672 814 1736 indesinenter
841 1672 1019 1735 suceedunt
1052 1675 1209 1753 tempora,
1235 1689 1366 1736 necesse
1395 1677 1444 1735 est
1471 1692 1521 1748 ea,
1546 1691 1599 1753 qua

305 1768 462 1843 geruntur
481 1762 514 1824 in
536 1767 686 1844 tempore,
709 1762 804 1825 simul
826 1761 1017 1844 pertransire
1041 1781 1112 1824 eum
1130 1767 1272 1844 tempore
1283 1767 1315 1824 et
1330 1761 1491 1826 oblivione
1502 1761 1600 1832 deleri,

305 1851 368 1913 nisi
393 1851 569 1915 litterarum
591 1853 760 1915 vivacitate
780 1851 978 1934 perhennem
997 1853 1179 1914 futurorum
1200 1851 1317 1915 noticia
1336 1851 1599 1916 commendentur.

305 1940 428 2004 Idcirco
456 1948 521 2004 tam
547 1941 747 2024 presentibus
778 1961 873 2023 quarn
894 1941 1011 2004 futuris
1033 1946 1142 2003 notum
1166 1959 1235 2004 esse
1257 1940 1423 2004 volumus·
1445 1942 1601 2016 universis,

307 2031 401 2112 quod,
423 2051 496 2096 eum
518 2052 576 2095 nos
594 2037 627 2095 et
641 2031 811 2095 cenobium
832 2035 977 2094 nestrum
1000 2050 1055 2113 pro
1078 2030 1205 2094 defectu.
1218 2029 1403 2094 victualium
1414 2032 1601 2113 gravionem
1683 2041 1684 2048 ’

305 2140 524 2202 premeremur
544 2121 733 2200 debitorum,
754 2122 797 2184 ita
819 2121 904 2202 quod
926 2120 1177 2202 nullatenusper
1191 2119 1429 2184 distractionem
1446 2120 1601 2184 mobilium

305 2229 325 2270 a
346 2211 428 2274 mole
451 2215 610 2274 tantorum
632 2211 812 2276 debitorum
834 2209 932 2274 eximi
953 2215 985 2273 et
1005 2210 1174 2274 exonerari
1194 2229 1376 2293 possemus
1406 2210 1534 2275 undem
1554 2211 1602 2272 de

306 2299 498 2364 liberaeioue
525 2301 731 2384 consiliisque
761 2301 870 2364 multis
900 2299 1016 2363 habitis
1047 2299 1085 2364 de
1114 2319 1272 2363 consensu
1304 2300 1473 2363 reverendi
1504 2300 1603 2384 patris,

307 2389 429 2452 domini
459 2390 645 2472 llarquardi
676 2391 798 2454 abbatis
830 2391 869 2454 de
902 2389 1186 2466 Reiubardisborm
1223 2390 1262 2452 ad
1298 2389 1526 2454 alienacionem
1559 2391 1603 2451 in·
1684 2411 1685 2422 ¹

307 2478 470 2542 mobilium
485 2480 685 2544 decrevimus
697 2479 930 2544 declinandum.
973 2479 1118 2560 Cumque
1140 2479 1222 2542 inter
1243 2480 1350 2542 omnia
1371 2485 1480 2543 nostra
1494 2480 1604 2544 aliena-

306 2569 355 2632 cio
387 2571 529 2652 quinque
558 2591 740 2634 mansorum
768 2571 799 2632 in
829 2570 920 2646 villa,
953 2589 1014 2652 que
1044 2567 1179 2632 Interior
1209 2569 1320 2632 lleller
1345 2568 1479 2647 dieitur,
1504 2570 1603 2632 minus

307 2660 460 2724 damnosa
498 2661 695 2725 iudicaretur
726 2659 764 2722 ab
797 2658 944 2722 omnibus
978 2665 1041 2722 tam
1075 2659 1249 2742 collegiatis
1282 2679 1377 2739 quarn
1408 2659 1509 2724 eciam
1539 2659 1605 2721 aliis

306 2749 516 2814 familiaribus
537 2752 656 2830 amicis,
678 2750 779 2814 dictos
802 2751 944 2832 quinque
966 2769 1094 2812 mansos
1115 2749 1306 2812 monasterio
1327 2749 1475 2814 Portensi
1495 2749 1605 2813 Cister-

307 2839 423 2903 eiensis
445 2841 574 2917 ordinis,
596 2841 625 2904 N
629 2840 861 2922 uenburgensis
883 2840 1033 2916 diocesis,
1061 2839 1264 2902 vendidimus
1291 2857 1348 2921 pro
1370 2839 1500 2923 triginta
1518 2839 1605 2921 quin-

308 2947 370 3010 que
395 2931 511 2992 mareis
532 2929 757 3012 Vribergensis
782 2929 905 3011 argenti
931 2928 970 2992 de
998 2930 1159 2992 communi
1181 2933 1213 2991 et
1234 2929 1378 2991 unanimi
1400 2948 1554 2993 consensu
1576 2935 1605 2990 et

307 3019 449 3082 omnimn
470 3024 614 3084 nostrum
637 3039 790 3102 expressa
811 3019 982 3082 voluntate.
1025 3019 1206 3081 decedente
1227 3019 1326 3100 igitur
1348 3016 1467 3081 domiui
1490 3017 1608 3081 abbatis

307 3127 404 3190 supra
424 3110 610 3173 memoratib
632 3130 669 3174 ao
688 3110 830 3173 omnium
852 3113 996 3171 nostrum
1017 3107 1168 3170 concordi
1187 3108 1392 3170 conniventia
1406 3113 1439 3171 et
1452 3126 1606 3171 consensu

307 3217 403 3280 supra
434 3199 535 3262 dictos
570 3219 698 3264 mansos
736 3199 865 3261 domino
896 3198 1002 3261 abbati
1033 3203 1065 3261 et
1095 3197 1268 3260 conventui
1299 3195 1509 3260 Portensibus
1535 3201 1606 3258 ante

308 3287 400 3350 dictis
428 3289 632 3352 vendidimus
654 3293 685 3351 et
705 3288 958 3351 contradidimus
978 3307 1051 3351 euru
1074 3287 1159 3350 omni
1183 3287 1266 3364 iure,
1288 3286 1443 3365 dominio,
1471 3285 1608 3370 proprie-

309 3383 384 3456 tate,
405 3379 619 3461 possessione,
640 3377 847 3462 proventibus
868 3383 899 3441 et
924 3376 1112 3442 utilitatibus
1134 3375 1297 3456 omnibus,
1325 3394 1386 3458 que
1413 3375 1505 3440 nobis
1524 3395 1608 3439 eom-

308 3467 457 3549 petebant
484 3473 515 3532 et
544 3488 605 3549 (pue
631 3467 826 3531 habebamus
847 3469 879 3530 in
902 3468 994 3551 ipsis,
1026 3486 1087 3548 que
1117 3485 1203 3528 nune
1230 3472 1305 3528 sunt
1330 3467 1421 3528 etin
1447 3472 1608 3549 posterum

307 3563 440 3638 possunt
459 3557 697 3638 quomodolibet
719 3558 895 3640 provenire,
917 3556 983 3620 sive
1006 3557 1037 3618 in
1060 3556 1229 3640 superficie
1252 3561 1334 3619 terre
1355 3556 1418 3619 iam
1441 3559 1608 3641 appareant

309 3647 357 3710 vel
390 3647 635 3730 quibuscunque
666 3648 769 3710 modis
798 3647 898 3710 eciam
932 3647 966 3708 in
997 3646 1070 3710 imis
1097 3654 1179 3711 terre
1205 3646 1410 3730 apparuerint
1435 3645 1468 3708 in
1494 3646 1611 3710 tuturo.

307 3737 563 3800 communionem
595 3737 695 3800 eciam
722 3737 882 3820 lignorum
906 3744 937 3799 et
958 3756 1157 3819 pascuarum.
1198 3737 1254 3800 lus
1275 3737 1406 3819 insuper
1427 3741 1611 3818 patronatus

307 3824 440 3887 ecclesie
461 3824 601 3906 predicte
624 3825 698 3890 ville
721 3825 759 3888 do
781 3845 870 3889 mera
890 3825 1096 3889 liberalitate⁰
1118 3827 1327 3900 conferimus
1356 3826 1464 3888 omnia
1490 3830 1521 3889 et
1542 3823 1612 3886 siu-

306 3912 382 3992 gula
408 3931 482 3974 cum
504 3913 555 3978 dei
579 3916 684 3994 quiete
705 3919 858 3998 perpetuo
881 3915 1086 3998 possidenda,
1116 3935 1211 3998 super
1239 3915 1406 3979 evictionis
1433 3921 1465 3978 et
1489 3931 1612 3976 waran-

307 4002 357 4064 dic
389 4003 596 4066 caucionibus
632 4003 772 4066 omnium
817 4005 1032 4087 predictorum
1064 4005 1266 4067 venditorum
1300 4011 1331 4068 et
1359 4005 1613 4068 contraditorum

307 4091 484 4154 secundum
506 4097 589 4156 terre
611 4094 874 4158 consuetudinem
904 4095 1080 4174 antiquitus
1106 4093 1305 4156 observatam
1327 4113 1386 4155 nos
1407 4099 1440 4156 et
1467 4099 1612 4155 nostrum

307 4179 477 4244 cenobium
515 4181 717 4264 presentibus
749 4182 934 4266 obligantes.
982 4183 1064 4247 Sane
1096 4203 1168 4246 oum
1201 4183 1234 4246 in
1267 4183 1431 4266 premissis
1462 4180 1614 4244 omnibns

308 4275 416 4332 nestra
445 4289 495 4334 res
521 4271 641 4334 utiliter
667 4273 707 4334 sit
735 4277 836 4352 gesta,
860 4272 946 4352 quod
968 4271 1168 4354 presentibus
1190 4273 1391 4355 profitemur,
1416 4278 1453 4335 ut
1479 4275 1615 4335 tractata

307 4359 371 4419 sie‘l
392 4359 627 4422 racionabiliter
648 4365 680 4423 et
701 4366 829 4443 peraeta
849 4365 1002 4443 perpetua
1026 4361 1174 4424 firmitate
1197 4362 1372 4424 consistant
1393 4379 1516 4437 secura,
1536 4379 1617 4442 pre-

307 4452 429 4511 sentem
470 4449 617 4532 paginam
654 4470 751 4532 super·
785 4469 822 4512 eo
854 4451 1065 4534 conscriptam
1098 4452 1291 4534 appensione
1323 4450 1418 4533 sigilli
1451 4448 1544 4513 nostri
1583 4457 1616 4512 ct

310 4539 409 4600 nostri
436 4538 619 4601 monasterii
645 4540 835 4603 communiri
858 4540 1025 4620 iussimus,
1051 4549 1085 4603 ut
1113 4561 1154 4603 ex
1184 4541 1244 4603 hoc
1270 4541 1311 4604 sit
1340 4542 1434 4604 vivax
1461 4538 1621 4604 memoria
