3410 5146
579 357 627 416 Nr.
641 359 785 414 loa-103.
807 358 881 413 latr.
1329 357 1378 414 lta

158 505 190 569 lo
214 507 342 572 nomine
365 513 473 572 saneta
494 515 526 572 et
546 509 711 572 imliridue
733 510 890 572 trinitatis.
932 507 1103 572 Heinrieus
1125 509 1233 572 divina
1251 509 1378 574 favente

89 595 242 660 elementia
264 597 435 660 llisnensis
456 605 491 660 et
509 597 679 662 Orientalis
701 599 849 662 nraaehio.
892 597 979 660 luter
1005 605 1109 662 uetera
1137 600 1261 681 pietatis
1282 618 1378 683 opera

90 705 140 746 non
163 687 327 750 nrinimom
350 706 419 750 esse
442 688 617 752 dinoscitur
640 689 823 770 religionem
852 689 960 750 fovere
987 707 1024 750 ae
1045 688 1131 750 uiros
1152 687 1317 770 religiosas
1338 689 1377 752 ab

88 776 233 848 turullius,
256 797 318 856 (irre
339 778 484 860 personis
505 779 702 840 seertlaribus
723 779 831 861 inponi
854 786 1098 854 ronsuererunt
1119 779 1226 841 divine
1243 779 1378 842 retribu-

88 866 169 926 tionis
197 867 313 928 intuitu
341 866 496 937 relevare,
528 874 576 935 ut.
607 870 688 930 sieut
714 867 874 930 seculares
900 888 1033 950 persone
1060 868 1377 951 eorrternplativurunr

89 957 214 1017 urorum
243 956 439 1018 orationibus
463 957 668 1036 autito-antor,
694 959 737 1020 ita
764 979 780 1020 e
808 959 966 1020 eorltrario
995 957 1231 1040 contemplativi
1260 978 1378 1022 euane-

88 1058 185 1106 rentur
205 1044 244 1106 ab
268 1047 336 1122 niis,
359 1065 421 1126 que
443 1047 718 1128 contemplationis
742 1053 873 1129 possunt
897 1049 1022 1109 orium·
1044 1045 1237 1128 perturbare.
1280 1048 1378 1110 Cuius

88 1137 122 1194 rei
147 1134 400 1198 consideratione
429 1143 591 1218 permotus
618 1135 749 1198 illustris
777 1138 928 1198 urenturie
961 1145 1049 1219 pater
1078 1143 1200 1208 noster,
1230 1137 1378 1199 dominus

85 1223 310 1306 'llrleoderieusl
339 1225 499 1306 quondam
531 1225 698 1290 llisnensis
720 1233 750 1288 et
773 1225 943 1292 Oriental'm
964 1226 1122 1302 irrotulata,
1143 1225 1378 1290 venerabilibus

87 1313 163 1391 airis,
191 1315 297 1376 abbati
319 1323 349 1377 et
370 1317 542 1378 comentur
567 1315 726 1377 Portensis
748 1315 945 1387 rrunrasterii,
968 1315 1167 1397 privilegium
1190 1315 1324 1378 eontulit
1344 1317 1377 1377 in

85 1404 134 1464 liae
156 1405 268 1468 larana:

492 1494 535 1556 Iris
555 1493 631 1574 t'olpt
660 1491 809 1556 tutione
831 1491 890 1554 Nr.
904 1499 924 1555 7
928 1497 954 1556 9.

159 1597 221 1659 Nos
242 1599 366 1679 igitur-r,
389 1599 471 1659 siant
498 1605 628 1680 paterne
657 1597 832 1659 substantie
859 1617 968 1659 sumus
997 1597 1142 1675 lreredes,
1167 1599 1262 1662 itaet
1284 1601 1379 1662 devo·

84 1689 171 1749 tionis
191 1707 247 1750 sue
268 1689 433 1770 cupientes
455 1688 591 1749 existere
615 1705 814 1748 sueeessores
836 1686 943 1748 «teitaun
966 1707 982 1747 a
1006 1693 1092 1768 patre
1109 1695 1216 1750 nostro
1234 1686 1379 1750 Portensi

84 1777 209 1840 eeelesie
239 1777 439 1860 privilegium
473 1775 699 1838 confirmamus
732 1781 778 1852 et,
808 1783 841 1838 ot
873 1777 930 1837 lree
959 1783 1066 1838 anostra
1094 1777 1222 1840 «lunatio
1252 1783 1319 1839 rata
1346 1779 1378 1840 in

85 1873 260 1948 perpetuom
292 1875 323 1929 et
349 1866 537 1928 iru·onvolsa
564 1874 759 1948 permaneat,
785 1873 963 1949 presentem
992 1865 1139 1949 paginam
1165 1865 1283 1929 exinde
1303 1886 1379 1930 eon-

84 1957 222 2038 srriptam
246 1956 340 2036 sigilli
365 1957 460 2017 nostri
485 1957 682 2038 inpressione
704 1956 860 2018 vallamus
882 1955 1059 2017 solmotatis
1081 1953 1215 2035 ydoneis
1236 1956 1379 2034 testibus,

85 2065 209 2124 ortorum
248 2048 376 2107 riomina
414 2053 487 2107 sunt
522 2047 595 2108 lter:
633 2045 846 2108 Heideurieus
879 2047 1056 2128 prepositus
1089 2043 1273 2122 llisueusis,
1305 2044 1378 2108 Otto

86 2133 264 2215 longanum
292 2135 331 2196 de
349 2134 468 2202 llonin.
499 2134 715 2196 Erlumbertus
738 2134 927 2216 burgravius
947 2134 986 2195 de
1009 2131 1253 2214 atmoheoberg,
1279 2133 1378 2197 Heiu-

85 2225 162 2286 rleus
183 2223 374 2286 niarsealens
396 2224 435 2286 de
458 2225 707 2293 ttriarmensteiu,
728 2223 857 2287 l'lrieus
879 2223 918 2285 de
942 2222 1126 2304 hildeberte,
1149 2223 1318 2287 Bertoldus
1339 2224 1378 2286 de

82 2313 294 2396 aenyotngen,
326 2313 494 2376 Conradus
521 2315 560 2376 de
589 2313 749 2394 Byelrowe
772 2321 804 2376 et
831 2315 881 2375 alii
914 2333 1007 2394 quam
1035 2313 1151 2396 plnres.
1200 2311 1317 2376 Datum
1344 2315 1378 2374 in

85 2403 218 2466 (bitume
239 2423 323 2465 auno
345 2406 444 2485 gratie
469 2413 512 2466 ll⁰
525 2416 584 2464 ναι·
597 2413 718 2480 llell⁰q
737 2412 820 2466 xvl⁰
842 2403 994 2466 kalendas
1015 2401 1188 2466 Februarii.

147 2543 264 2594 'telum
286 2549 402 2612 possunt
423 2543 448 2595 Τ
516 2533 527 2566 '¹
545 2561 610 2613 ergo
631 2544 655 2596 Τ

623 2727 630 2731 -
652 2725 851 2732 -ο--ω--ω

82 2863 185 2946 aaa
214 2865 331 2946 narn
360 2867 422 2948 ro.
453 2813 613 2952 naara.

156 3023 341 3108 Erebisclros
362 3025 517 3105 Siepsiied
544 3024 607 3089 III.
637 3045 695 3086 arou
717 3024 832 3086 illotae
853 3022 993 3103 aaudiat
1013 3023 1064 3085 die
1083 3042 1141 3085 ven
1162 3023 1276 3086 soloen
1307 3022 1378 3087 Var-

113 3117 230 3194 pduyer
255 3115 444 3194 perialuuiqle
478 3114 647 3194 l'erlepuuy
678 3115 734 3175 der
766 3113 801 3176 K
802 3114 884 3175 italae
908 3132 948 3177 au
980 3110 1186 3194 Pur-sleudorl'
1203 3111 1284 3175 lurda
1310 3111 1378 3176 dem

114 3202 252 3283 clerium
280 3202 568 3286 Wirlbsrdmflsllose
588 3205 642 3266 des
660 3201 803 3266 Klosiers
820 3203 936 3284 mete.

225 3338 359 3396 liderla:
381 3339 424 3392 On
437 3339 511 3407 Pero.
531 3355 580 3390 ron
599 3337 644 3390 aler
664 3337 750 3390 Haud
768 3337 813 3390 des
831 3337 991 3392 Amatellera
1010 3337 1068 3406 (vpl.
1090 3334 1168 3390 Pom
1184 3337 1240 3404 20),
1269 3335 1315 3403 Sp.
1333 3335 1378 3387 ab

271 3419 394 3486 pefidiam.
433 3418 530 3486 l'smte,
551 3417 789 3476 aratorumne.
810 3448 841 3456 -
864 3417 952 3472 Τ203.

224 3523 335 3577 llrrrrlr:
355 3523 487 3578 Deutseb:
512 3525 596 3592 Wolff
610 3523 653 3590 ΙΙ,
674 3527 715 3578 16.
749 3523 804 3594 Vol.
824 3523 946 3588 Boelame,
965 3521 1147 3576 Nantuates
1166 3520 1208 3588 11,
1226 3521 1270 3581 37.

153 3649 290 3714 Sitridus
318 3651 369 3716 dei
395 3653 495 3734 gratu
523 3657 631 3715 sancte
657 3651 860 3734 Magantine⁸
890 3651 975 3714 sedis
1003 3651 1131 3714 electus.
1173 3649 1224 3712 Ad
1251 3649 1380 3714 univer-

75 3759 182 3802 sorum
208 3749 270 3803 tam
299 3742 493 3824 presentium
521 3761 614 3822 quam
642 3741 823 3804 futurorum
854 3741 1003 3804 noticiam
1035 3741 1182 3823 cupimus
1203 3737 1379 3822 pervenire,

74 3829 158 3907 «ruod
196 3849 253 3892 nos
291 3830 523 3894 ordinationem
561 3851 618 3894 seu
649 3831 901 3902 concessionem,
937 3849 1001 3911 qua
1032 3829 1166 3892 eeulesia
1198 3827 1286 3908 ville,
1318 3846 1380 3909 que

74 3916 272 3983 Brlrsendori
300 3918 480 3988 dicebatur,
512 3925 618 3983 nostre
645 3921 781 3984 diocesis
807 3939 880 3982 eum
907 3918 1056 3982 omnibns
1083 3918 1282 4002 pertinentiis
1312 3919 1379 3981 suis

72 4005 265 4072 Tenthouiee
288 4009 450 4090 quondam
472 4010 580 4072 tlrrmni
603 4009 778 4088 attinentis
801 4009 1002 4093 postmodum
1025 4027 1100 4070 vero
1123 4008 1161 4071 ad
1185 4009 1235 4070 ius
1256 4014 1288 4070 et
1309 4027 1380 4091 pro-

73 4097 237 4176 prietatem
267 4100 450 4162 monasterii
483 4099 522 4162 de
551 4099 647 4162 Porta
672 4099 956 4178 Niwenburgeusis
984 4099 1119 4161 diocesis
1151 4098 1190 4162 de
1221 4117 1379 4161 consensu

72 4185 192 4251 «taurini
211 4187 376 4270 Ol'rrnradil
399 4189 598 4264 l’ortuensis.¹
628 4197 703 4251 tune
727 4189 897 4271 apostolice
920 4188 1005 4252 aedis
1026 4188 1136 4269 legati,
1159 4206 1217 4250 nec
1240 4206 1304 4249 non
1327 4206 1380 4250 ve·

75 4277 227 4340 nerabilis
266 4279 385 4341 domiui
418 4285 449 4342 et
480 4279 688 4341 antecessoris
725 4278 838 4356 nostri,
876 4279 958 4341 bone
994 4277 1147 4340 memorie
1175 4275 1204 4339 S.
1226 4276 1380 4358 arehiepi-

73 4368 154 4450 seopi
182 4367 378 4452 lllaguntini,
398 4369 492 4452 pleno
514 4369 582 4430 iure
605 4368 773 4451 emptionis
797 4369 887 4431 titulo
910 4367 1067 4437 devoluto,
1088 4367 1118 4428 iu
1142 4367 1256 4429 curtim
1281 4385 1380 4446 quan-

74 4457 140 4518 dam
171 4457 374 4522 Bursendort
400 4459 597 4520 adiacentem
625 4477 697 4520 eom
726 4457 868 4538 reliquiis
896 4457 962 4520 suls
988 4463 1019 4518 et
1049 4455 1184 4518 edificiis
1209 4461 1257 4518 est
1278 4461 1380 4518 trans-

74 4545 139 4627 lata‚
168 4548 349 4612 seeundum
378 4547 703 4610 tenoremliterarum
733 4547 808 4609 dieti
833 4547 1042 4613 antecessoris
1067 4546 1166 4608 nostri
1189 4565 1284 4628 snper
1305 4565 1379 4606 eon-

119 4655 274 4704 omntauq.
284 4654 350 4696 arr.
360 4655 382 4696 s.
398 4655 436 4695 aa.
446 4655 511 4696 xxx.
1196 4656 1213 4710 9
