3402 5152
543 423 750 484 Nam-425.
771 423 953 482 1307-1308.
1348 416 1400 472 399

96 585 189 644 tatem
216 579 361 663 quinque
388 596 573 642 mensorum
600 595 674 640 cum
696 577 846 641 omnibus
865 577 933 641 suis
954 574 1079 638 iuribus
1102 580 1150 638 ete
1170 572 1310 654 antiquis
1331 587 1401 652 per-

95 671 263 735 tineuciisl
288 669 385 733 libere
414 681 468 732 ac⁰
493 668 716 752 perpetualiter
747 669 994 754 possidendam&
1041 664 1103 740 Qui
1135 664 1264 747 quidem
1297 660 1400 724 mensi

95 763 251 844 incipiunt
280 759 318 823 ab
352 759 512 823 occidente
545 760 663 842 pontis,
694 761 750 842 qui
772 759 887 822 dicitur
909 757 1123 834 Swinmmrtn,
1153 760 1262 818 contra
1292 750 1398 813 villam

95 852 285 934 Vlemingen
313 849 526 928 ascendendo,
554 849 772 913 descendendo
800 869 872 913 vero
898 851 932 910 in
961 847 1127 930 planiciem
1159 849 1269 910 contra
1294 841 1400 906 Salam

94 943 231 1006 fluvium
252 944 335 1005 inter
358 941 464 1004 villam
479 939 661 1024 Aldinburg
684 946 715 1004 et
736 959 864 1006 mansos
885 940 1109 1002 canonicorum
1126 938 1295 1000 situantur.
1328 931 1402 995 Fuit

95 1039 234 1116 preterea
265 1033 351 1096 aliud
382 1051 445 1094 non
477 1032 586 1094 minus
618 1031 731 1096 efficax
761 1032 858 1094 huius
889 1035 996 1094 nostre
1028 1028 1206 1092 donationis
1234 1025 1401 1098 motivum,

96 1126 171 1208 quia
197 1124 309 1188 fratres
339 1122 377 1186 de
400 1121 495 1185 Porta
519 1121 630 1205 prefati
661 1123 820 1186 anostris
847 1118 1121 1205 predecessoribus
1142 1117 1255 1180 validis
1283 1116 1402 1178 instru-

95 1215 212 1279 mentis
238 1213 428 1298 privilegiati
454 1218 544 1292 sunt,
572 1213 656 1296 quod
686 1213 725 1276 de
757 1211 1011 1297 possessionibus
1033 1209 1164 1274 ecclesie
1185 1213 1292 1272 nostre
1312 1209 1343 1267 et
1364 1203 1403 1266 de

97 1305 189 1370 bonis
219 1307 417 1388 episcopatus
446 1305 545 1368 nostri
578 1304 624 1366 eis
655 1303 823 1367 refundere
853 1307 1020 1366 teneamur
1055 1305 1086 1365 et
1115 1299 1274 1382 supplere,
1316 1295 1400 1378 quod

94 1399 204 1460 minus
224 1397 343 1460 factum
365 1400 420 1474 est,
440 1413 514 1457 cum
537 1395 569 1456 in
591 1394 741 1477 primaria
762 1395 812 1458 sui
832 1393 1024 1470 fundatione,
1038 1410 1094 1474 pro
1116 1390 1201 1456 mille
1222 1395 1252 1452 et
1273 1391 1401 1451 centurn

95 1487 234 1566 mansis,
265 1505 345 1569 quos
374 1485 413 1548 ab
442 1485 488 1548 eis
515 1486 548 1546 in
576 1484 645 1548 loco
673 1483 855 1549 Smolnonsi
878 1487 985 1546 nostra
1019 1482 1135 1565 recepit
1166 1479 1312 1556 ecclesia,
1342 1476 1403 1559 ipsi

95 1597 187 1642 versa
208 1577 278 1640 vice
298 1596 317 1639 a
337 1581 444 1638 nostra
464 1579 673 1659 perceperunt
693 1575 825 1638 ecclesia
846 1593 973 1638 manses
998 1571 1217 1636 tantummodo
1244 1569 1402 1652 quinqua-

91 1670 210 1751 gintass.
243 1667 287 1730 llt
307 1668 435 1730 auteml
456 1671 563 1730 nostre
584 1665 782 1749 proprietatis
803 1664 926 1728 collatio
945 1664 1065 1727 anullo
1078 1664 1175 1747 possit
1191 1663 1223 1724 in
1240 1665 1400 1744 posterum

93 1759 220 1837 irritari,
240 1758 377 1842 prasenti
398 1758 512 1840 pagine
533 1756 572 1820 ad
594 1755 789 1819 evidencium
810 1759 897 1838 geste
917 1756 963 1818 rei
984 1759 1128 1818 nostrum
1151 1751 1291 1834 sigillum
1310 1749 1402 1812 duxi-

92 1869 170 1912 mus
192 1849 415 1931 apponendum
439 1846 498 1910 sub
520 1847 723 1910 annotatione
749 1847 892 1922 testium,
919 1865 1056 1929 quorum
1078 1845 1210 1908 nomina
1232 1845 1307 1904 sunt
1329 1839 1400 1902 hec:

92 1939 169 2004 Otto
193 1940 232 2002 de
252 1937 366 2002 Koldiz
397 1938 493 2001 frater
522 1943 629 2001 noster
660 1937 832 2000 canonicus
863 1935 1152 2018 nuenburgensis,
1184 1933 1343 1996 Iohannes
1365 1929 1403 1991 de

92 2030 271 2094 Gozirstete
304 2029 578 2111 prothonotariusk
612 2032 719 2091 noster
747 2027 920 2091 canonicus
942 2026 1116 2107 Cycensis¹‚
1148 2021 1338 2102 Berltoldus]
1364 2019 1403 2081 de

89 2121 304 2202 Sohidingen‚
333 2117 521 2199 Olouradus]
547 2118 586 2181 de
606 2117 765 2182 Ezilsdorf
792 2117 909 2180 milites
935 2117 1049 2196 nostri,
1083 2115 1338 2196 Heynemannus
1364 2108 1403 2172 de

90 2211 217 2292 Gyteu‚
244 2208 439 2288 H[einricns]
469 2207 677 2285 camararius,
708 2206 822 2270 Petrus
850 2208 889 2270 de
918 2207 1111 2290 Gysingenm
1136 2205 1222 2268 cives
1249 2201 1348 2264 nostri
1368 2201 1401 2261 in

88 2301 201 2380 cyceu
223 2305 253 2362 et
274 2298 328 2362 alii
349 2318 445 2381 quam
466 2298 648 2381 pluresfide
664 2298 761 2380 digni.
793 2295 929 2361 Datum⁰
943 2315 1027 2360 anno
1042 2295 1161 2360 domini
1179 2300 1405 2368 n⁰occ⁰v110,

88 2394 123 2453 in
149 2390 202 2454 die
224 2389 313 2452 beate
337 2387 452 2452 (leuilie
473 2390 633 2472 virginiss.

166 2506 277 2560 'inimi
296 2505 418 2570 (Subluas
437 2505 485 2559 der
501 2506 583 2574 Zeila)
606 2505 633 2560 D
1318 2552 1323 2562 ,

169 2588 195 2642 Τ
210 2587 274 2653 bal,
292 2586 434 2656 abpcseben
451 2586 554 2653 dauon,
573 2586 637 2641 dosa
654 2603 681 2640 es
701 2586 744 2640 dia
763 2585 870 2639 Numan
888 2585 1067 2651 ausaehreibt,
1086 2583 1207 2653 solpende
1224 2585 1406 2642 obwea'claeade

85 2669 245 2724 Lemma.-

166 2739 179 2777 ᾗ
198 2748 286 2802 simus
349 2747 359 2774 ⁰
378 2745 488 2801 iuribus
507 2752 535 2802 et
552 2747 619 2813 sebit
683 2738 696 2775 ‘¹
714 2745 820 2802 scilicet
838 2745 917 2814 areis,
935 2745 1012 2812 ortis,
1030 2744 1127 2815 pratis,
1145 2747 1265 2816 pascuis,
1284 2746 1406 2804 arbustis

82 2847 139 2886 seu
161 2825 335 2900 appendiciis
354 2827 426 2894 aliis,
453 2843 629 2898 quocumque
654 2829 766 2882 nomine
791 2831 957 2882 censeantur
984 2825 1159 2895 bbuupesapt
1264 2828 1407 2898 ⁰pacifice

82 2912 272 2978 himupeft'tyt
361 2899 370 2936 f
386 2907 457 2962 nihil
476 2909 593 2962 omnino
612 2908 681 2962 iuris
700 2907 781 2962 nobis
800 2909 828 2962 in
847 2905 979 2977 predictis
997 2905 1103 2960 mansis
1121 2922 1170 2961 seu
1188 2923 1285 2962 eorum
1303 2925 1406 2980 appen-

81 2989 175 3046 diciis
194 2995 366 3044 reservantes
384 2989 560 3058 binaupesdpt
638 2988 727 3042 gDer
745 2987 809 3043 Satn
828 2985 1155 3056 Fuit—quinquaginta
1171 2985 1240 3053 sebit
1325 2979 1407 3044 hlrec

79 3071 273 3138 binsupefiiyl
360 3061 537 3124 *canonicus
561 3067 791 3140 Nuenburgensis
819 3069 886 3134 sebit
979 3059 1137 3120 knotarius
1231 3059 1407 3125 ¹can0nicus

80 3149 228 3219 Cycensis
247 3151 314 3217 fehlt
385 3149 403 3176 ¹¹¹
424 3149 576 3204 Heinricus
597 3148 773 3204 Camerarius
800 3147 901 3202 Petrus
919 3145 953 3203 de
974 3145 1109 3216 Gisingen
1141 3145 1355 3203 Heinemannus
1372 3149 1407 3204 de

78 3229 201 3286 Githen
273 3227 286 3254 ¹¹
305 3227 442 3298 cheuses
513 3230 617 3284 ⁰Acte
634 3235 701 3284 sunt
720 3230 771 3284 hec
843 3228 933 3282 pNos
953 3227 1136 3282 Hermannus
1162 3227 1206 3282 dci
1225 3230 1319 3300 gracia
1346 3247 1406 3300 pre-

77 3311 214 3382 positus,
232 3307 345 3364 VlrIcus
373 3308 496 3364 decanus
523 3315 671 3382 totumque
695 3309 848 3381 capitulum
873 3307 1070 3363 canonicorum
1099 3323 1184 3377 supra
1202 3308 1276 3363 dicte
1294 3310 1407 3365 ecclesie

78 3393 108 3448 N
113 3391 327 3461 neuburgensis
364 3389 398 3443 ad
432 3390 644 3460 exprimendum
672 3397 799 3446 nostrum
827 3405 992 3444 consensum
1020 3389 1087 3442 hnic
1114 3386 1263 3442 donacioni
1294 3389 1407 3446 affuisse

75 3489 208 3546 presens
226 3471 361 3542 scriptum
379 3470 497 3540 capituli
515 3471 603 3525 nostri
622 3471 714 3542 sigillo
732 3470 865 3524 iussimus
884 3469 1006 3523 roborari
1025 3469 1208 3538 blazupefitpt.

165 3578 174 3607 ¹
197 3577 250 3631 Die
273 3577 403 3631 Urlcuadc
425 3579 505 3645 sabat
522 3579 553 3630 ia
570 3577 600 3630 D
617 3577 661 3632 die
684 3577 874 3642 Ucberscbritl:
902 3575 962 3628 leta
989 3574 1082 3628 littera
1107 3579 1220 3644 accepta
1247 3581 1290 3629 est
1316 3575 1406 3645 primo

72 3659 116 3716 ob
140 3657 290 3714 cautelam
309 3657 478 3712 defensionis
497 3662 637 3712 nostrast
656 3654 969 3726 estrobursequentis.
1007 3654 1077 3706 Nau
1094 3655 1160 3720 solut
1177 3655 1239 3707 uber
1257 3655 1288 3706 ia
1303 3655 1333 3708 D
1349 3657 1407 3710 eius

79 3739 232 3796 brennae
247 3755 305 3792 nom
323 3738 408 3792 Jubre
426 3743 497 3793 1312
515 3737 579 3806 (Nr.
590 3739 665 3804 sle),
689 3737 719 3788 ia
738 3736 847 3789 welclser
865 3735 983 3802 Biscbof
1002 3733 1092 3788 lllricb
1110 3733 1169 3786 dau
1187 3733 1298 3788 Kloater
1315 3735 1407 3802 Horis

70 3826 137 3877 108
158 3817 269 3873 Auser
296 3836 335 3872 aa
361 3817 408 3872 der
426 3817 761 3872 Sobwoiaaworteubralcle
784 3815 823 3868 bia
842 3815 1004 3883 Allerabury,
1032 3813 1075 3867 die
1094 3831 1121 3868 es
1139 3831 1189 3867 ana
1207 3815 1407 3870 eessebiedcaea

72 3899 288 3968 Naumouyer
298 3899 426 3968 Bilrpera
443 3900 576 3952 crworbea
594 3899 650 3964 hut,
669 3898 796 3966 sueipnel.
826 3897 977 3950 Eascbeint
989 3895 1055 3960 alac,
1073 3895 1138 3948 duaa
1156 3895 1226 3950 dicae
1244 3899 1297 3948 108
1306 3897 1408 3951 Acclccr

68 3986 105 4038 iu
136 3981 205 4034 dea
227 3977 362 4046 5Hufeu
387 3979 435 4033 der·
461 3979 552 4048 abipso
585 3977 716 4031 Urbunde
741 3977 878 4030 eutboltea
904 3975 968 4030 aiud
995 3974 1054 4028 und
1081 3975 1162 4028 west
1189 3975 1350 4046 lampsaco
1377 3979 1407 4030 iu

70 4066 134 4118 Nr.
153 4063 217 4113 446
234 4075 291 4112 aar
308 4057 460 4114 wiederbolt
478 4057 555 4112 wind.

616 4173 866 4183 „-.-—...—.-.

66 4204 229 4291 1308st
254 4201 350 4284 lull
371 4202 430 4284 12.
1314 4201 1406 4283 425.

166 4338 345 4404 Hermann
375 4341 444 4404 acad
478 4339 545 4404 Otto
576 4339 702 4420 Grafeu
734 4359 792 4402 oola
828 4337 1020 4402 Orlunu'iode
1050 4336 1227 4412 beburaden,
1258 4337 1334 4398 dass
1363 4339 1409 4398 sie

115 4435 205 4497 inre
224 4429 420 4509 Lebasoiiter
447 4427 482 4493 iu
504 4429 657 4510 Lissdorf
679 4430 746 4492 dean
769 4427 833 4492 Abi
852 4449 910 4492 oon
934 4427 1084 4508 Hersfeld
1109 4425 1311 4508 ansbolassen
1339 4427 1408 4489 und

111 4525 178 4590 die
219 4539 279 4584 ven
310 4519 461 4584 letalemm
497 4520 625 4600 bierfair
656 4519 905 4599 eiupclouscbtea
936 4518 1152 4599 Besitauaoeu
1183 4517 1236 4582 des
1270 4517 1407 4582 Klosters

112 4614 246 4698 Psorlc
267 4611 302 4674 iu
324 4610 481 4676 [debaledt
500 4630 542 4676 uu
563 4611 667 4674 Labeo
687 4630 865 4690 peumumea
885 4609 994 4676 bubus.
