3442 5148
639 401 688 456 Νι.
699 403 740 460 25,
763 401 837 456 1180.
1356 397 1388 450 41

106 553 203 633 tlte.
230 483 418 633 tlktober
446 552 484 633 a
1326 544 1389 626 at.

170 693 290 760 Kaiser
316 695 481 760 Friedrich
511 695 537 758 I.
568 697 706 775 terunt
732 695 800 758 dem
828 695 953 758 Klosier
981 696 1088 776 Pteria
1119 692 1201 756 aaut
1229 686 1391 770 Einiptmp

134 787 185 848 erit
214 787 274 850 den
300 785 558 849 Lehnsinltabern
583 786 652 848 aad
678 787 772 850 derce
799 783 1003 865 Resipnaiion
1027 784 1077 846 dic
1101 781 1212 864 fiditer
1239 779 1393 862 pendite

134 875 316 956 Sdtenkunp
354 876 436 940 eines
472 875 654 939 Wiildcltcns
692 875 758 956 auf
788 875 843 938 der
873 873 979 938 Finne
1008 873 1077 936 end
1107 872 1192 934 einer
1220 871 1317 934 Wiesc
1346 867 1392 932 aei

135 965 248 1046 repete.

242 1090 375 1148 Haletem:
397 1091 442 1148 Or.
457 1091 533 1160 Pcrp.
551 1109 600 1144 eron
618 1091 665 1144 der
683 1091 769 1144 Hand
786 1091 831 1146 dec
852 1089 1010 1143 Auaaiellm
1027 1089 1086 1156 (cpi.
1107 1087 1185 1140 Potae
1200 1088 1256 1154 20).
1290 1085 1335 1152 Sp.
1355 1101 1393 1136 nrt

300 1170 482 1227 tollendam
502 1169 606 1224 Fiam.
624 1169 747 1225 Drasdea
756 1171 793 1224 H.
805 1171 842 1224 St.
855 1171 887 1223 A.
898 1169 950 1223 Nr.
962 1173 1002 1223 79.
1013 1197 1046 1208 -·
1055 1168 1083 1222 D
1099 1157 1154 1220 12b
1172 1167 1222 1230 (et.
1243 1165 1363 1236 Lepino).

242 1275 365 1329 Druck&
390 1276 545 1338 uBttewu,
574 1275 660 1330 Lean
689 1275 840 1330 ffledrieha
859 1275 882 1329 1.
909 1279 966 1328 431.
1004 1271 1270 1328 Borea-acuam
1288 1271 1313 1336 Ι,
1331 1274 1392 1326 219.

294 1353 355 1414 Ood,
370 1355 433 1426 dipl.
455 1356 563 1410 entur.
580 1355 599 1409 I
602 1395 609 1422 ,
627 1359 680 1410 439
697 1357 865 1422 (tireilweiae).
903 1354 963 1409 tad.
980 1353 1045 1421 dipl.
1065 1353 1129 1407 Sex.
1146 1369 1197 1421 rep.
1215 1351 1245 1416 Ι,
1265 1349 1314 1416 Π,
1332 1353 1392 1408 306,

295 1433 426 1488 Deuiacll:
451 1435 535 1502 Wolff
549 1435 573 1499 Ι,
593 1436 653 1491 164.
680 1435 884 1503 KotSclrdttpen
903 1437 944 1486 50.
981 1431 1100 1488 Schultea
1118 1430 1161 1496 ll,
1179 1431 1242 1487 269.
1279 1429 1394 1482 Bolum

292 1515 343 1568 Nr.
357 1519 434 1572 2629.
471 1514 586 1582 Stumps
600 1515 650 1568 Nr.
667 1518 744 1568 4308.
1322 1523 1324 1530 '

175 1629 207 1692 C.
229 1632 240 1708 tl
264 1630 301 1693 In
330 1633 458 1694 nomine
485 1638 593 1695 sancte
619 1639 650 1694 et
678 1632 841 1694 individue
869 1629 1042 1692 trinitatis⁸.
1085 1626 1264 1688 ¹l‘riden'cns
1287 1623 1394 1686 divina

102 1720 219 1782 terente
240 1720 410 1784 clementia
430 1715 646 1806 Romanorum
673 1723 844 1804 imperator
872 1727 902 1782 et
932 1737 1058 1801 semper
1088 1720 1250 1798 augustus.
1273 1713 1285 1792 ll
1310 1711 1394 1788 Quo-

104 1809 180 1870 niam
212 1808 359 1872 fidelium
395 1808 509 1873 Christi
548 1818 580 1874 et
618 1812 767 1892 precipue
799 1808 1011 1892 spiritualium
1044 1803 1239 1868 orationibus
1270 1821 1395 1884 semper

104 1899 210 1960 niuniri
232 1899 466 1966 desideramus.
492 1901 610 1962 idcirco
631 1919 783 1984 personas
805 1919 915 1962 eorum
937 1905 969 1961 et
989 1897 1205 1980 possessiones
1226 1893 1343 1956 nostris
1364 1897 1396 1954 et

104 1989 218 2050 statutis
244 1997 276 2052 et
302 1989 431 2051 auxiliis
456 1991 538 2052 tueri
564 1997 594 2053 et
621 1991 790 2072 ampliarel
813 1990 923 2053 sedula
945 1989 1112 2050 devotione
1134 1985 1307 2048 studemus.
1349 1981 1397 2044 Ea

104 2085 221 2160 propter
250 2077 454 2142 notificamus
482 2081 640 2142 universis
667 2080 782 2143 Christi
810 2079 959 2142 fidelibus
985 2084 1048 2140 tam
1078 2073 1277 2157 presentibus
1301 2091 1396 2152 quam
1467 2075 1469 2080 '

104 2167 223 2244 futuris,
257 2168 436 2246 quonia-w,
464 2189 537 2231 cum
564 2188 706 2232 essemus
731 2171 763 2231 in
787 2170 945 2252 provintia
970 2165 1143 2244 Thuringia
1169 2163 1299 2226 Tullede
1327 2181 1396 2244 pro-

105 2257 208 2320 tecturi,
244 2277 318 2320 cnm
357 2259 558 2340 expeditione
595 2260 749 2322 adversus
784 2259 1027 2330 Alexandriam,
1067 2254 1254 2318 tradidimus
1289 2258 1396 2314 sancte

107 2344 197 2426 llarie
227 2347 261 2408 in
284 2345 379 2410 Porta
409 2349 527 2410 intuitu
554 2349 661 2410 divine
692 2349 956 2412 remunerationis
985 2353 1106 2430 partem
1132 2343 1249 2423 silvula
1275 2343 1336 2420 site
1364 2341 1397 2403 in

107 2454 176 2517 pago
197 2436 303 2499 Uinne
326 2437 379 2498 tali
402 2444 521 2512 tenere,
549 2445 584 2499 nt
605 2437 805 2502 absolverent
826 2459 895 2500 earn
918 2437 1015 2500 abbas
1037 2443 1069 2499 et
1088 2435 1202 2498 fratres
1222 2453 1241 2494 u
1261 2430 1397 2494 Rembe-

107 2525 180 2589 done
200 2527 314 2588 comite
338 2527 376 2588 (le
392 2527 598 2610 Bichelinpen
622 2535 653 2591 et
675 2549 692 2589 a
712 2529 809 2590 fratre
832 2548 888 2589 suo
905 2527 1075 2593 Frideriee.
1098 2525 1151 2604 qni
1174 2542 1244 2586 eam
1267 2541 1284 2584 a
1306 2519 1398 2582 nobis

23 2617 24 2622 ’
107 2615 211 2677 leodali
233 2617 302 2679 iure
324 2623 500 2689 tenuerant,
522 2619 575 2679 sed
598 2624 629 2680 et
650 2617 689 2679 al)
712 2618 790 2694 aliis,
814 2619 866 2698 epti
889 2617 998 2678 entem
1021 2622 1109 2697 parte
1131 2612 1246 2690 silrnle
1261 2611 1299 2672 ab
1319 2609 1397 2692 ipsis

108 2703 309 2768 inbeneficiati
342 2707 477 2768 niteant.
523 2707 559 2768 llt
588 2709 705 2769 factum
739 2701 866 2770 entra.
910 2705 1031 2767 Silrula
1059 2723 1133 2784 erge
1160 2700 1398 2784 pretenditura

23 2821 24 2824 ¹
109 2796 233 2857 ettmulis
261 2796 352 2857 iuxta
379 2795 527 2858 Bllreden
562 2797 709 2859 delusum
739 2799 823 2858 eirea
861 2798 962 2857 riuum
984 2793 1111 2870 lnnses,
1139 2792 1193 2872 qui
1221 2787 1399 2873 preterfluit

109 2884 216 2946 ruriam
240 2885 382 2968 ipsorum
412 2885 559 2958 fratrum,
587 2893 618 2949 et
646 2887 690 2948 itu.
715 2887 1036 2968 p1·eten‹liturusqne
1059 2883 1097 2944 ad
1121 2898 1233 2944 nemus
1255 2886 1398 2941 nostrum

23 3009 24 3026 t
111 2975 258 3052 pertinens
280 2973 527 3038 anmeleiben.¹
563 2973 687 3038 Deinde
708 2977 908 3059 protenditur
931 2993 1056 3037 sursum
1079 2978 1189 3034 eontra
1210 2970 1399 3032 deseensmn

111 3065 259 3135 torrentis,
287 3065 343 3146 qui
372 3071 420 3129 est
445 3066 535 3127 iuxta
563 3067 724 3130 nostruml
749 3086 878 3137 neruus,
906 3085 1007 3145 usepte
1034 3063 1073 3124 etl
1096 3064 1193 3135 riam,
1216 3057 1400 3140 (pretendit

23 3171 24 3224 }
111 3160 173 3215 ante
192 3155 450 3218 communitatem
472 3155 546 3218 rille
568 3155 803 3232 Ymmeleiben,
837 3175 893 3238 per
924 3173 1068 3218 ueerres.
1091 3152 1145 3232 qni
1168 3149 1328 3211 declinant
1359 3146 1398 3208 ad

111 3244 242 3307 cumules
271 3247 302 3307 in
330 3245 440 3327 primis
467 3245 575 3308 dictes.
627 3245 738 3326 Itaque
770 3244 923 3328 imperiali
955 3243 1139 3304 utwton'tate
1173 3239 1400 3300 confirmamus

112 3333 299 3398 traditionem
321 3356 338 3396 a
361 3335 452 3398 nobis
478 3336 540 3398 iam
562 3335 686 3418 pridem
707 3337 823 3398 factum
843 3343 875 3398 et
895 3334 998 3396 eidem
1022 3331 1155 3394 eoelesie
1177 3334 1284 3390 sancte
1303 3325 1399 3388 llarie

114 3431 249 3505 perpetuo
276 3424 500 3506 possidendam
529 3424 663 3488 eandem
690 3424 836 3486 silvulam
858 3443 929 3484 eum
953 3423 1038 3484 omni
1061 3419 1207 3495 utilitate,¹
1230 3435 1291 3498 que
1315 3434 1399 3477 nune

113 3511 183 3574 inest
207 3514 295 3576 etin
324 3521 483 3596 posterum
510 3513 626 3576 ibidem
656 3515 822 3596 prevenire
849 3518 958 3595 potest.
1005 3511 1046 3573 Ut
1073 3517 1178 3571 aunem
1208 3509 1265 3570 ltec
1293 3514 1401 3569 riestra

113 3601 224 3665 traditio
251 3609 321 3665 rata
348 3604 388 3664 sit
415 3611 445 3664 et
474 3603 660 3665 inconuulsa
688 3611 885 3685 permaneat,
914 3603 994 3663 hante
1022 3600 1135 3662 seriem
1164 3598 1300 3660 fecimus
1326 3615 1401 3657 coll·

23 3771 25 3778 s
112 3691 194 3754 anibi
222 3699 253 3756 et
282 3692 367 3756 bulle
397 3699 503 3755 ‘nostre
531 3694 728 3779 inpressione
756 3693 914 3774 insigniri,
946 3691 1004 3753 nee
1030 3687 1185 3771 imperiali
1215 3685 1400 3748 anctoritate

111 3787 272 3845 statuentes
300 3789 332 3844 et
356 3782 551 3844 inmobiliter
576 3784 675 3846 teneri
706 3782 862 3860 volentes⁸¹
885 3787 927 3860 ut,
949 3782 973 3842 si
997 3782 1077 3861 ipris,
1101 3777 1186 3858 qiiod
1209 3776 1299 3849 absit,
1320 3775 1402 3836 hane

110 3873 276 3934 cautionem
300 3871 480 3935 convellere
511 3891 568 3934 seu
589 3891 713 3934 cessare
735 3873 950 3954 temptaverit,
980 3881 1006 3932 Χ
1028 3870 1124 3932 libras
1151 3868 1220 3929 anni
1241 3865 1400 3950 purissimi

111 3961 274 4041 persolvat,
312 3962 540 4026 dimidietatem
578 3981 702 4025 camere
733 3969 854 4036 nerstre,
894 3959 1122 4022 dimidietatem
1155 3975 1229 4018 vero
1261 3954 1402 4037 predicte

112 4050 241 4114 ecclesie.
283 4052 392 4114 Testes
413 4056 488 4114 sunt
509 4051 697 4114 Wicmanus
720 4050 1016 4130 lleptheburgensis
1038 4047 1302 4129 archiepiscopus
1316 4043 1403 4126 Sige-

112 4139 186 4202 tridn
197 4141 395 4205 sBremensis
407 4141 670 4224 archiepiscopus,
692 4141 763 4202 Vdo
776 4139 1039 4219 Nuenburgensis
1050 4138 1227 4219 episcopus,
1238 4133 1403 4197 Baldram-

114 4247 176 4290 ntus
200 4231 318 4294 electus
343 4231 677 4312 Brandenburgensis,¹
709 4233 793 4293 Anno
820 4229 917 4291 abbas
939 4227 1178 4308 Bonaugiensis,
1204 4225 1402 4304 Rothegerus

115 4317 201 4381 abbas
231 4323 329 4384 sancti
364 4322 495 4399 (leorrii,
516 4321 729 4383 'lhetnlerieus
766 4339 909 4381 sumnms
939 4317 1117 4400 prepntsitus
1148 4316 1187 4376 de
1218 4313 1402 4387 Nuenburc,

118 4405 292 4473 Bertholdus
320 4409 504 4493 (inpellamus
533 4416 564 4474 et
590 4411 762 4472 carleutieus
788 4407 1064 4488 Nuenburgensis.
1092 4404 1304 4468 'lheeelericus
1332 4421 1403 4484 pre-

118 4498 224 4573 positus
249 4499 445 4580 tunnensis,
473 4500 657 4564 Bernerdus
684 4500 750 4561 dux
773 4499 925 4564 Sanetus.
957 4495 1029 4559 Otto
1052 4495 1190 4557 marchio
1213 4493 1403 4564 Misinensis,

117 4582 312 4654 Theodericus
337 4591 476 4656 marchio
499 4589 537 4655 de
559 4588 769 4657 Lanelesbere.
789 4587 879 4654 Dedo
901 4607 1008 4652 (uiriles
1030 4587 1069 4649 de
1091 4585 1201 4657 ert-nze,
1224 4583 1404 4647 llridericus
