<?xml version="1.0" encoding="UTF-8"?>
<!DOCTYPE html PUBLIC "-//W3C//DTD XHTML 1.0 Transitional//EN"
    "http://www.w3.org/TR/xhtml1/DTD/xhtml1-transitional.dtd">
<html xmlns="http://www.w3.org/1999/xhtml" xml:lang="en" lang="en">
 <head>
  <title>
</title>
<meta http-equiv="Content-Type" content="text/html;charset=utf-8" />
  <meta name='ocr-system' content='tesseract 3.04.00' />
  <meta name='ocr-capabilities' content='ocr_page ocr_carea ocr_par ocr_line ocrx_word'/>
</head>
<body>
  <div class='ocr_page' id='page_1' title='image "./urkundenbuchdes00pforgoog_0279.png"; bbox 0 0 3390 5148; ppageno 0'>
   <div class='ocr_carea' id='block_1_1' title="bbox 568 401 1375 469">
    <p class='ocr_par' dir='ltr' id='par_1_1' title="bbox 568 401 1375 469">
     <span class='ocr_line' id='line_1_1' title="bbox 568 401 1375 469; baseline -0.002 -5"><span class='ocrx_word' id='word_1_1' title='bbox 568 403 619 468; x_wconf 62' lang='grc' dir='ltr'><strong>Νι.</strong></span> <span class='ocrx_word' id='word_1_2' title='bbox 632 407 780 468; x_wconf 73' lang='lat' dir='ltr'><strong>aut-nat.</strong></span> <span class='ocrx_word' id='word_1_3' title='bbox 801 403 877 469; x_wconf 75' lang='lat' dir='ltr'><strong>lata.</strong></span> <span class='ocrx_word' id='word_1_4' title='bbox 1323 401 1375 463; x_wconf 74' lang='lat' dir='ltr'><strong>tls</strong></span> 
     </span>
    </p>
   </div>
   <div class='ocr_carea' id='block_1_2' title="bbox 81 559 1381 2702">
    <p class='ocr_par' dir='ltr' id='par_1_2' title="bbox 81 559 1381 2702">
     <span class='ocr_line' id='line_1_2' title="bbox 148 559 1375 642; baseline -0.002 -18"><span class='ocrx_word' id='word_1_5' title='bbox 148 559 186 624; x_wconf 92' lang='lat' dir='ltr'><strong>In</strong></span> <span class='ocrx_word' id='word_1_6' title='bbox 214 563 344 625; x_wconf 91' lang='lat' dir='ltr'><strong>nomine</strong></span> <span class='ocrx_word' id='word_1_7' title='bbox 373 561 502 625; x_wconf 91' lang='lat' dir='ltr'><strong>domini.</strong></span> <span class='ocrx_word' id='word_1_8' title='bbox 535 563 648 625; x_wconf 89' lang='lat' dir='ltr'><strong>Amen.</strong></span> <span class='ocrx_word' id='word_1_9' title='bbox 695 561 848 625; x_wconf 83' lang='lat' dir='ltr'><strong>Albertus</strong></span> <span class='ocrx_word' id='word_1_10' title='bbox 879 561 929 624; x_wconf 90' lang='lat' dir='ltr'><strong>dei</strong></span> <span class='ocrx_word' id='word_1_11' title='bbox 960 560 1062 641; x_wconf 87' lang='lat' dir='ltr'><strong>gratia</strong></span> <span class='ocrx_word' id='word_1_12' title='bbox 1090 559 1262 642; x_wconf 83' lang='lat' dir='ltr'><strong>Thuringie</strong></span> <span class='ocrx_word' id='word_1_13' title='bbox 1293 559 1375 622; x_wconf 78' lang='lat' dir='ltr'><strong>lant</strong></span> 
     </span>
     <span class='ocr_line' id='line_1_3' title="bbox 81 649 1376 734; baseline 0 -22"><span class='ocrx_word' id='word_1_14' title='bbox 81 651 197 730; x_wconf 83' lang='lat' dir='ltr'><strong>gravius</strong></span> <span class='ocrx_word' id='word_1_15' title='bbox 217 657 250 714; x_wconf 90' lang='lat' dir='ltr'><strong>et</strong></span> <span class='ocrx_word' id='word_1_16' title='bbox 271 650 409 714; x_wconf 78' lang='lat' dir='ltr'><strong>Saxonis</strong></span> <span class='ocrx_word' id='word_1_17' title='bbox 431 670 538 714; x_wconf 88' lang='lat' dir='ltr'><strong>comes</strong></span> <span class='ocrx_word' id='word_1_18' title='bbox 558 651 719 734; x_wconf 86' lang='lat' dir='ltr'><strong>palatinus</strong></span> <span class='ocrx_word' id='word_1_19' title='bbox 739 651 898 715; x_wconf 86' lang='lat' dir='ltr'><strong>universis</strong></span> <span class='ocrx_word' id='word_1_20' title='bbox 909 650 1025 713; x_wconf 81' lang='lat' dir='ltr'><strong>Christi</strong></span> <span class='ocrx_word' id='word_1_21' title='bbox 1047 649 1196 712; x_wconf 83' lang='lat' dir='ltr'><strong>fidelibus</strong></span> <span class='ocrx_word' id='word_1_22' title='bbox 1216 651 1250 712; x_wconf 92' lang='lat' dir='ltr'><strong>in</strong></span> <span class='ocrx_word' id='word_1_23' title='bbox 1264 667 1376 732; x_wconf 90' lang='lat' dir='ltr'><strong>perpe-</strong></span> 
     </span>
     <span class='ocr_line' id='line_1_4' title="bbox 81 735 1376 824; baseline 0.001 -23"><span class='ocrx_word' id='word_1_24' title='bbox 81 745 167 802; x_wconf 91' lang='lat' dir='ltr'><strong>tuum.</strong></span> <span class='ocrx_word' id='word_1_25' title='bbox 217 741 314 824; x_wconf 88' lang='lat' dir='ltr'><strong>Apud</strong></span> <span class='ocrx_word' id='word_1_26' title='bbox 341 741 506 804; x_wconf 91' lang='lat' dir='ltr'><strong>dominum</strong></span> <span class='ocrx_word' id='word_1_27' title='bbox 534 739 765 804; x_wconf 83' lang='lat' dir='ltr'><strong>dominantium</strong></span> <span class='ocrx_word' id='word_1_28' title='bbox 792 747 901 804; x_wconf 88' lang='lat' dir='ltr'><strong>eterne</strong></span> <span class='ocrx_word' id='word_1_29' title='bbox 927 759 986 802; x_wconf 90' lang='lat' dir='ltr'><strong>nos</strong></span> <span class='ocrx_word' id='word_1_30' title='bbox 1014 735 1279 802; x_wconf 85' lang='lat' dir='ltr'><strong>remunerationis</strong></span> <span class='ocrx_word' id='word_1_31' title='bbox 1305 758 1376 821; x_wconf 90' lang='lat' dir='ltr'><strong>pre-</strong></span> 
     </span>
     <span class='ocr_line' id='line_1_5' title="bbox 81 828 1377 914; baseline 0 -24"><span class='ocrx_word' id='word_1_32' title='bbox 81 830 168 892; x_wconf 87' lang='lat' dir='ltr'>mium</span> <span class='ocrx_word' id='word_1_33' title='bbox 189 836 419 896; x_wconf 90' lang='lat' dir='ltr'><strong>consecuturos</strong></span> <span class='ocrx_word' id='word_1_34' title='bbox 441 849 615 914; x_wconf 79' lang='lat' dir='ltr'><strong>speramus,</strong></span> <span class='ocrx_word' id='word_1_35' title='bbox 635 832 662 894; x_wconf 90' lang='lat' dir='ltr'><strong>si</strong></span> <span class='ocrx_word' id='word_1_36' title='bbox 684 830 898 894; x_wconf 83' lang='lat' dir='ltr'><strong>benivolentia</strong></span> <span class='ocrx_word' id='word_1_37' title='bbox 919 829 1037 892; x_wconf 78' lang='lat' dir='ltr'><strong>affeetu</strong></span> <span class='ocrx_word' id='word_1_38' title='bbox 1053 828 1272 911; x_wconf 90' lang='lat' dir='ltr'><strong>religiosorum</strong></span> <span class='ocrx_word' id='word_1_39' title='bbox 1291 829 1377 892; x_wconf 90' lang='lat' dir='ltr'><strong>utili-</strong></span> 
     </span>
     <span class='ocr_line' id='line_1_6' title="bbox 82 919 1377 1002; baseline 0.002 -22"><span class='ocrx_word' id='word_1_40' title='bbox 82 919 186 983; x_wconf 81' lang='lat' dir='ltr'><strong>titibus</strong></span> <span class='ocrx_word' id='word_1_41' title='bbox 205 921 403 984; x_wconf 86' lang='lat' dir='ltr'><strong>consulimus</strong></span> <span class='ocrx_word' id='word_1_42' title='bbox 425 925 457 983; x_wconf 92' lang='lat' dir='ltr'><strong>et</strong></span> <span class='ocrx_word' id='word_1_43' title='bbox 478 939 588 984; x_wconf 88' lang='lat' dir='ltr'><strong>eorum</strong></span> <span class='ocrx_word' id='word_1_44' title='bbox 611 921 774 984; x_wconf 88' lang='lat' dir='ltr'><strong>securitati</strong></span> <span class='ocrx_word' id='word_1_45' title='bbox 795 919 927 996; x_wconf 69' lang='lat' dir='ltr'><strong>cautela,</strong></span> <span class='ocrx_word' id='word_1_46' title='bbox 949 937 1013 1000; x_wconf 89' lang='lat' dir='ltr'><strong>qua</strong></span> <span class='ocrx_word' id='word_1_47' title='bbox 1029 937 1206 1002; x_wconf 71' lang='lat' dir='ltr'><strong>possumus,</strong></span> <span class='ocrx_word' id='word_1_48' title='bbox 1228 920 1260 980; x_wconf 89' lang='lat' dir='ltr'><strong>in</strong></span> <span class='ocrx_word' id='word_1_49' title='bbox 1273 925 1377 1001; x_wconf 89' lang='lat' dir='ltr'><strong>poste-</strong></span> 
     </span>
     <span class='ocr_line' id='line_1_7' title="bbox 82 1009 1378 1092; baseline 0.002 -25"><span class='ocrx_word' id='word_1_50' title='bbox 82 1025 142 1069; x_wconf 90' lang='lat' dir='ltr'><strong>rum</strong></span> <span class='ocrx_word' id='word_1_51' title='bbox 173 1009 388 1090; x_wconf 81' lang='lat' dir='ltr'><strong>providemus,</strong></span> <span class='ocrx_word' id='word_1_52' title='bbox 440 1009 597 1074; x_wconf 79' lang='lat' dir='ltr'><strong>Eidelium</strong></span> <span class='ocrx_word' id='word_1_53' title='bbox 627 1011 735 1092; x_wconf 87' lang='lat' dir='ltr'><strong>itaque</strong></span> <span class='ocrx_word' id='word_1_54' title='bbox 767 1009 968 1073; x_wconf 84' lang='lat' dir='ltr'><strong>universitati</strong></span> <span class='ocrx_word' id='word_1_55' title='bbox 1002 1013 1066 1070; x_wconf 86' lang='lat' dir='ltr'><strong>tam</strong></span> <span class='ocrx_word' id='word_1_56' title='bbox 1099 1009 1255 1090; x_wconf 88' lang='lat' dir='ltr'><strong>presentis</strong></span> <span class='ocrx_word' id='word_1_57' title='bbox 1286 1009 1378 1072; x_wconf 89' lang='lat' dir='ltr'><strong>etatis</strong></span> 
     </span>
     <span class='ocr_line' id='line_1_8' title="bbox 83 1096 1378 1182; baseline 0.001 -24"><span class='ocrx_word' id='word_1_58' title='bbox 83 1113 167 1175; x_wconf 89' lang='lat' dir='ltr'><strong>quam</strong></span> <span class='ocrx_word' id='word_1_59' title='bbox 193 1097 302 1162; x_wconf 89' lang='lat' dir='ltr'><strong>iuture</strong></span> <span class='ocrx_word' id='word_1_60' title='bbox 330 1099 522 1182; x_wconf 81' lang='lat' dir='ltr'><strong>posteritatis</strong></span> <span class='ocrx_word' id='word_1_61' title='bbox 546 1100 748 1162; x_wconf 86' lang='lat' dir='ltr'><strong>manifestum</strong></span> <span class='ocrx_word' id='word_1_62' title='bbox 776 1117 846 1162; x_wconf 88' lang='lat' dir='ltr'><strong>esse</strong></span> <span class='ocrx_word' id='word_1_63' title='bbox 872 1097 1035 1174; x_wconf 72' lang='lat' dir='ltr'><strong>volumus,</strong></span> <span class='ocrx_word' id='word_1_64' title='bbox 1062 1096 1147 1178; x_wconf 87' lang='lat' dir='ltr'><strong>quod</strong></span> <span class='ocrx_word' id='word_1_65' title='bbox 1172 1096 1378 1160; x_wconf 90' lang='lat' dir='ltr'><strong>Hermannus</strong></span> 
     </span>
     <span class='ocr_line' id='line_1_9' title="bbox 83 1185 1378 1272; baseline 0.004 -26"><span class='ocrx_word' id='word_1_66' title='bbox 83 1185 164 1250; x_wconf 90' lang='lat' dir='ltr'><strong>miles</strong></span> <span class='ocrx_word' id='word_1_67' title='bbox 182 1187 288 1251; x_wconf 87' lang='lat' dir='ltr'><strong>dictus</strong></span> <span class='ocrx_word' id='word_1_68' title='bbox 306 1187 346 1252; x_wconf 92' lang='lat' dir='ltr'><strong>de</strong></span> <span class='ocrx_word' id='word_1_69' title='bbox 363 1187 559 1270; x_wconf 81' lang='lat' dir='ltr'><strong>Ebemberg·</strong></span> <span class='ocrx_word' id='word_1_70' title='bbox 580 1188 673 1252; x_wconf 90' lang='lat' dir='ltr'><strong>nobis</strong></span> <span class='ocrx_word' id='word_1_71' title='bbox 694 1189 896 1272; x_wconf 78' lang='lat' dir='ltr'><strong>presentibus</strong></span> <span class='ocrx_word' id='word_1_72' title='bbox 916 1192 948 1249; x_wconf 89' lang='lat' dir='ltr'><strong>et</strong></span> <span class='ocrx_word' id='word_1_73' title='bbox 969 1186 1077 1248; x_wconf 90' lang='lat' dir='ltr'><strong>multis</strong></span> <span class='ocrx_word' id='word_1_74' title='bbox 1092 1186 1171 1265; x_wconf 75' lang='lat' dir='ltr'><strong>aliis,</strong></span> <span class='ocrx_word' id='word_1_75' title='bbox 1192 1186 1276 1249; x_wconf 89' lang='lat' dir='ltr'><strong>inter</strong></span> <span class='ocrx_word' id='word_1_76' title='bbox 1298 1205 1378 1267; x_wconf 89' lang='lat' dir='ltr'><strong>quos</strong></span> 
     </span>
     <span class='ocr_line' id='line_1_10' title="bbox 82 1273 1378 1356; baseline 0.005 -22"><span class='ocrx_word' id='word_1_77' title='bbox 82 1273 201 1340; x_wconf 89' lang='lat' dir='ltr'><strong>luerunt</strong></span> <span class='ocrx_word' id='word_1_78' title='bbox 231 1276 404 1340; x_wconf 91' lang='lat' dir='ltr'><strong>Heinricus</strong></span> <span class='ocrx_word' id='word_1_79' title='bbox 435 1277 474 1341; x_wconf 89' lang='lat' dir='ltr'><strong>de</strong></span> <span class='ocrx_word' id='word_1_80' title='bbox 506 1277 665 1356; x_wconf 71' lang='lat' dir='ltr'><strong>Glizberc,</strong></span> <span class='ocrx_word' id='word_1_81' title='bbox 702 1276 854 1342; x_wconf 82' lang='lat' dir='ltr'><strong>Albertus</strong></span> <span class='ocrx_word' id='word_1_82' title='bbox 885 1276 1038 1352; x_wconf 76' lang='lat' dir='ltr'><strong>Balenae,</strong></span> <span class='ocrx_word' id='word_1_83' title='bbox 1069 1273 1206 1338; x_wconf 85' lang='lat' dir='ltr'><strong>Siiridus</strong></span> <span class='ocrx_word' id='word_1_84' title='bbox 1232 1275 1272 1339; x_wconf 91' lang='lat' dir='ltr'><strong>de</strong></span> <span class='ocrx_word' id='word_1_85' title='bbox 1299 1275 1378 1340; x_wconf 93' lang='lat' dir='ltr'><strong>Hoi·</strong></span> 
     </span>
     <span class='ocr_line' id='line_1_11' title="bbox 83 1363 1377 1450; baseline 0.001 -22"><span class='ocrx_word' id='word_1_86' title='bbox 83 1366 217 1444; x_wconf 78' lang='lat' dir='ltr'><strong>gurtben,</strong></span> <span class='ocrx_word' id='word_1_87' title='bbox 243 1368 468 1450; x_wconf 69' lang='lat' dir='ltr'><strong>proprietatem</strong></span> <span class='ocrx_word' id='word_1_88' title='bbox 496 1368 673 1449; x_wconf 76' lang='lat' dir='ltr'><strong>quandam,</strong></span> <span class='ocrx_word' id='word_1_89' title='bbox 701 1386 847 1430; x_wconf 87' lang='lat' dir='ltr'><strong>mansum</strong></span> <span class='ocrx_word' id='word_1_90' title='bbox 875 1363 1023 1436; x_wconf 56' lang='lat' dir='ltr'><strong>videlieet</strong></span> <span class='ocrx_word' id='word_1_91' title='bbox 1050 1370 1081 1427; x_wconf 90' lang='lat' dir='ltr'><strong>et</strong></span> <span class='ocrx_word' id='word_1_92' title='bbox 1109 1363 1276 1428; x_wconf 87' lang='lat' dir='ltr'><strong>dimidium</strong></span> <span class='ocrx_word' id='word_1_93' title='bbox 1305 1386 1377 1429; x_wconf 92' lang='lat' dir='ltr'><strong>cum</strong></span> 
     </span>
     <span class='ocr_line' id='line_1_12' title="bbox 84 1453 1378 1540; baseline 0.002 -24"><span class='ocrx_word' id='word_1_94' title='bbox 84 1454 166 1518; x_wconf 77' lang='lat' dir='ltr'><strong>unca</strong></span> <span class='ocrx_word' id='word_1_95' title='bbox 187 1457 226 1519; x_wconf 89' lang='lat' dir='ltr'><strong>ad</strong></span> <span class='ocrx_word' id='word_1_96' title='bbox 249 1459 349 1540; x_wconf 87' lang='lat' dir='ltr'><strong>ipsam</strong></span> <span class='ocrx_word' id='word_1_97' title='bbox 372 1458 614 1540; x_wconf 72' lang='lat' dir='ltr'><strong>pertinentem</strong></span> <span class='ocrx_word' id='word_1_98' title='bbox 636 1476 716 1540; x_wconf 89' lang='lat' dir='ltr'><strong>pago</strong></span> <span class='ocrx_word' id='word_1_99' title='bbox 739 1457 823 1535; x_wconf 78' lang='lat' dir='ltr'><strong>ville,</strong></span> <span class='ocrx_word' id='word_1_100' title='bbox 847 1475 908 1537; x_wconf 90' lang='lat' dir='ltr'><strong>que</strong></span> <span class='ocrx_word' id='word_1_101' title='bbox 930 1455 1106 1536; x_wconf 89' lang='lat' dir='ltr'><strong>antiquitus</strong></span> <span class='ocrx_word' id='word_1_102' title='bbox 1121 1453 1273 1539; x_wconf 88' lang='lat' dir='ltr'><strong>Dampsla</strong></span> <span class='ocrx_word' id='word_1_103' title='bbox 1294 1455 1378 1519; x_wconf 87' lang='lat' dir='ltr'><strong>dice-</strong></span> 
     </span>
     <span class='ocr_line' id='line_1_13' title="bbox 82 1541 1378 1630; baseline 0.003 -26"><span class='ocrx_word' id='word_1_104' title='bbox 82 1541 193 1623; x_wconf 56' lang='lat' dir='ltr'><strong>taturi,</strong></span> <span class='ocrx_word' id='word_1_105' title='bbox 225 1546 359 1609; x_wconf 83' lang='lat' dir='ltr'><strong>ecclesie</strong></span> <span class='ocrx_word' id='word_1_106' title='bbox 394 1545 542 1610; x_wconf 90' lang='lat' dir='ltr'><strong>Portensi</strong></span> <span class='ocrx_word' id='word_1_107' title='bbox 575 1545 634 1609; x_wconf 91' lang='lat' dir='ltr'><strong>sub</strong></span> <span class='ocrx_word' id='word_1_108' title='bbox 666 1547 768 1630; x_wconf 77' lang='lat' dir='ltr'><strong>tytulo</strong></span> <span class='ocrx_word' id='word_1_109' title='bbox 800 1543 978 1608; x_wconf 89' lang='lat' dir='ltr'><strong>concambii</strong></span> <span class='ocrx_word' id='word_1_110' title='bbox 1007 1543 1155 1620; x_wconf 78' lang='lat' dir='ltr'><strong>contulit,</strong></span> <span class='ocrx_word' id='word_1_111' title='bbox 1188 1545 1378 1628; x_wconf 89' lang='lat' dir='ltr'><strong>precedente</strong></span> 
     </span>
     <span class='ocr_line' id='line_1_14' title="bbox 83 1632 1379 1719; baseline 0.004 -26"><span class='ocrx_word' id='word_1_112' title='bbox 83 1651 229 1698; x_wconf 85' lang='lat' dir='ltr'><strong>consensu</strong></span> <span class='ocrx_word' id='word_1_113' title='bbox 256 1637 367 1700; x_wconf 84' lang='lat' dir='ltr'><strong>uxoris</strong></span> <span class='ocrx_word' id='word_1_114' title='bbox 396 1641 428 1698; x_wconf 89' lang='lat' dir='ltr'><strong>et</strong></span> <span class='ocrx_word' id='word_1_115' title='bbox 455 1635 630 1699; x_wconf 89' lang='lat' dir='ltr'><strong>liberorum</strong></span> <span class='ocrx_word' id='word_1_116' title='bbox 655 1636 755 1719; x_wconf 84' lang='lat' dir='ltr'><strong>ipsius</strong></span> <span class='ocrx_word' id='word_1_117' title='bbox 785 1635 992 1714; x_wconf 87' lang='lat' dir='ltr'><strong>omniumque</strong></span> <span class='ocrx_word' id='word_1_118' title='bbox 1014 1632 1206 1695; x_wconf 81' lang='lat' dir='ltr'><strong>coheredum</strong></span> <span class='ocrx_word' id='word_1_119' title='bbox 1228 1634 1379 1717; x_wconf 76' lang='lat' dir='ltr'><strong>ipsorum,</strong></span> 
     </span>
     <span class='ocr_line' id='line_1_15' title="bbox 84 1721 1379 1806; baseline 0.002 -22"><span class='ocrx_word' id='word_1_120' title='bbox 84 1724 268 1802; x_wconf 89' lang='lat' dir='ltr'><strong>quidudum</strong></span> <span class='ocrx_word' id='word_1_121' title='bbox 291 1726 325 1787; x_wconf 93' lang='lat' dir='ltr'><strong>in</strong></span> <span class='ocrx_word' id='word_1_122' title='bbox 348 1724 633 1804; x_wconf 83' lang='lat' dir='ltr'><strong>Ekkebardesberg</strong></span> <span class='ocrx_word' id='word_1_123' title='bbox 653 1743 718 1787; x_wconf 87' lang='lat' dir='ltr'><strong>unu</strong></span> <span class='ocrx_word' id='word_1_124' title='bbox 739 1745 812 1788; x_wconf 91' lang='lat' dir='ltr'><strong>eum</strong></span> <span class='ocrx_word' id='word_1_125' title='bbox 836 1723 957 1806; x_wconf 86' lang='lat' dir='ltr'><strong>prefato</strong></span> <span class='ocrx_word' id='word_1_126' title='bbox 980 1721 1056 1784; x_wconf 91' lang='lat' dir='ltr'><strong>Her.</strong></span> <span class='ocrx_word' id='word_1_127' title='bbox 1079 1740 1186 1784; x_wconf 89' lang='lat' dir='ltr'><strong>coram</strong></span> <span class='ocrx_word' id='word_1_128' title='bbox 1201 1722 1379 1787; x_wconf 88' lang='lat' dir='ltr'><strong>Wernhero</strong></span> 
     </span>
     <span class='ocr_line' id='line_1_16' title="bbox 83 1809 1379 1896; baseline 0.002 -23"><span class='ocrx_word' id='word_1_129' title='bbox 83 1812 206 1878; x_wconf 84' lang='lat' dir='ltr'><strong>sculteto</strong></span> <span class='ocrx_word' id='word_1_130' title='bbox 225 1822 343 1894; x_wconf 80' lang='lat' dir='ltr'><strong>nostro,</strong></span> <span class='ocrx_word' id='word_1_131' title='bbox 363 1813 517 1878; x_wconf 89' lang='lat' dir='ltr'><strong>Heinrico</strong></span> <span class='ocrx_word' id='word_1_132' title='bbox 540 1815 578 1877; x_wconf 88' lang='lat' dir='ltr'><strong>de</strong></span> <span class='ocrx_word' id='word_1_133' title='bbox 601 1809 818 1896; x_wconf 68' lang='lat' dir='ltr'><strong>sconenberg</strong></span> <span class='ocrx_word' id='word_1_134' title='bbox 838 1812 1030 1876; x_wconf 87' lang='lat' dir='ltr'><strong>Theoderico</strong></span> <span class='ocrx_word' id='word_1_135' title='bbox 1054 1812 1093 1874; x_wconf 93' lang='lat' dir='ltr'><strong>de</strong></span> <span class='ocrx_word' id='word_1_136' title='bbox 1114 1809 1228 1875; x_wconf 88' lang='lat' dir='ltr'><strong>Leston</strong></span> <span class='ocrx_word' id='word_1_137' title='bbox 1251 1814 1379 1876; x_wconf 80' lang='lat' dir='ltr'><strong>ceteris-</strong></span> 
     </span>
     <span class='ocr_line' id='line_1_17' title="bbox 84 1901 1378 1986; baseline 0.001 -22"><span class='ocrx_word' id='word_1_138' title='bbox 84 1920 137 1982; x_wconf 91' lang='lat' dir='ltr'><strong>que</strong></span> <span class='ocrx_word' id='word_1_139' title='bbox 169 1906 349 1968; x_wconf 87' lang='lat' dir='ltr'><strong>castellanis</strong></span> <span class='ocrx_word' id='word_1_140' title='bbox 381 1905 500 1968; x_wconf 88' lang='lat' dir='ltr'><strong>nesbis</strong></span> <span class='ocrx_word' id='word_1_141' title='bbox 531 1903 765 1967; x_wconf 87' lang='lat' dir='ltr'><strong>ibidembona</strong></span> <span class='ocrx_word' id='word_1_142' title='bbox 802 1903 945 1986; x_wconf 90' lang='lat' dir='ltr'><strong>predicta</strong></span> <span class='ocrx_word' id='word_1_143' title='bbox 974 1901 1170 1963; x_wconf 89' lang='lat' dir='ltr'><strong>tradiderant</strong></span> <span class='ocrx_word' id='word_1_144' title='bbox 1200 1903 1263 1964; x_wconf 88' lang='lat' dir='ltr'><strong>iam</strong></span> <span class='ocrx_word' id='word_1_145' title='bbox 1296 1903 1378 1965; x_wconf 89' lang='lat' dir='ltr'><strong>dicte</strong></span> 
     </span>
     <span class='ocr_line' id='line_1_18' title="bbox 83 1990 1380 2078; baseline 0.002 -26"><span class='ocrx_word' id='word_1_146' title='bbox 83 1992 221 2074; x_wconf 70' lang='lat' dir='ltr'><strong>ecclesie,</strong></span> <span class='ocrx_word' id='word_1_147' title='bbox 249 2015 305 2078; x_wconf 86' lang='lat' dir='ltr'><strong>pro</strong></span> <span class='ocrx_word' id='word_1_148' title='bbox 335 1994 452 2076; x_wconf 91' lang='lat' dir='ltr'><strong>quibus</strong></span> <span class='ocrx_word' id='word_1_149' title='bbox 477 1995 591 2057; x_wconf 86' lang='lat' dir='ltr'><strong>iratres</strong></span> <span class='ocrx_word' id='word_1_150' title='bbox 614 1994 758 2057; x_wconf 88' lang='lat' dir='ltr'><strong>eiusdem</strong></span> <span class='ocrx_word' id='word_1_151' title='bbox 786 2011 860 2077; x_wconf 89' lang='lat' dir='ltr'><strong>sepe</strong></span> <span class='ocrx_word' id='word_1_152' title='bbox 890 1992 973 2054; x_wconf 88' lang='lat' dir='ltr'><strong>dieto</strong></span> <span class='ocrx_word' id='word_1_153' title='bbox 1004 1990 1095 2068; x_wconf 68' lang='lat' dir='ltr'><strong>Her,</strong></span> <span class='ocrx_word' id='word_1_154' title='bbox 1129 1991 1223 2054; x_wconf 81' lang='lat' dir='ltr'><strong>uxori</strong></span> <span class='ocrx_word' id='word_1_155' title='bbox 1251 1992 1321 2054; x_wconf 90' lang='lat' dir='ltr'><strong>eius</strong></span> <span class='ocrx_word' id='word_1_156' title='bbox 1348 1997 1380 2054; x_wconf 89' lang='lat' dir='ltr'><strong>et</strong></span> 
     </span>
     <span class='ocr_line' id='line_1_19' title="bbox 82 2080 1380 2166; baseline 0.002 -24"><span class='ocrx_word' id='word_1_157' title='bbox 82 2080 180 2146; x_wconf 87' lang='lat' dir='ltr'><strong>liberis</strong></span> <span class='ocrx_word' id='word_1_158' title='bbox 205 2104 352 2148; x_wconf 86' lang='lat' dir='ltr'><strong>mansum</strong></span> <span class='ocrx_word' id='word_1_159' title='bbox 378 2103 480 2147; x_wconf 92' lang='lat' dir='ltr'><strong>unum</strong></span> <span class='ocrx_word' id='word_1_160' title='bbox 507 2085 541 2146; x_wconf 91' lang='lat' dir='ltr'><strong>in</strong></span> <span class='ocrx_word' id='word_1_161' title='bbox 570 2083 663 2146; x_wconf 86' lang='lat' dir='ltr'><strong>Sulze</strong></span> <span class='ocrx_word' id='word_1_162' title='bbox 690 2103 746 2166; x_wconf 91' lang='lat' dir='ltr'><strong>pro</strong></span> <span class='ocrx_word' id='word_1_163' title='bbox 767 2091 808 2146; x_wconf 82' lang='lat' dir='ltr'><strong>IX</strong></span> <span class='ocrx_word' id='word_1_164' title='bbox 829 2083 944 2145; x_wconf 87' lang='lat' dir='ltr'><strong>marcis</strong></span> <span class='ocrx_word' id='word_1_165' title='bbox 965 2088 1243 2164; x_wconf 83' lang='lat' dir='ltr'><strong>comparaverunt,</strong></span> <span class='ocrx_word' id='word_1_166' title='bbox 1268 2081 1380 2144; x_wconf 87' lang='lat' dir='ltr'><strong>dantes</strong></span> 
     </span>
     <span class='ocr_line' id='line_1_20' title="bbox 82 2169 1380 2258; baseline 0.003 -28"><span class='ocrx_word' id='word_1_167' title='bbox 82 2170 203 2256; x_wconf 80' lang='lat' dir='ltr'><strong>insuper</strong></span> <span class='ocrx_word' id='word_1_168' title='bbox 218 2177 304 2258; x_wconf 42' lang='lat' dir='ltr'><strong>,xxi</strong></span> <span class='ocrx_word' id='word_1_169' title='bbox 332 2178 363 2238; x_wconf 91' lang='lat' dir='ltr'><strong>et</strong></span> <span class='ocrx_word' id='word_1_170' title='bbox 391 2183 434 2235; x_wconf 79' lang='lat' dir='ltr'><strong>V⁰</strong></span> <span class='ocrx_word' id='word_1_171' title='bbox 460 2192 598 2253; x_wconf 69' lang='lat' dir='ltr'><strong>marcas,</strong></span> <span class='ocrx_word' id='word_1_172' title='bbox 621 2192 701 2254; x_wconf 90' lang='lat' dir='ltr'><strong>quas</strong></span> <span class='ocrx_word' id='word_1_173' title='bbox 722 2171 761 2234; x_wconf 88' lang='lat' dir='ltr'><strong>ab</strong></span> <span class='ocrx_word' id='word_1_174' title='bbox 783 2171 860 2254; x_wconf 90' lang='lat' dir='ltr'><strong>ipsis</strong></span> <span class='ocrx_word' id='word_1_175' title='bbox 882 2169 1080 2253; x_wconf 79' lang='lat' dir='ltr'><strong>integraliter</strong></span> <span class='ocrx_word' id='word_1_176' title='bbox 1100 2183 1290 2252; x_wconf 88' lang='lat' dir='ltr'><strong>receperunt</strong></span> <span class='ocrx_word' id='word_1_177' title='bbox 1311 2171 1380 2234; x_wconf 88' lang='lat' dir='ltr'><strong>sine</strong></span> 
     </span>
     <span class='ocr_line' id='line_1_21' title="bbox 83 2259 1380 2345; baseline 0.001 -24"><span class='ocrx_word' id='word_1_178' title='bbox 83 2259 220 2345; x_wconf 91' lang='lat' dir='ltr'><strong>dampno.</strong></span> <span class='ocrx_word' id='word_1_179' title='bbox 262 2263 385 2327; x_wconf 90' lang='lat' dir='ltr'><strong>Verum</strong></span> <span class='ocrx_word' id='word_1_180' title='bbox 414 2269 449 2326; x_wconf 87' lang='lat' dir='ltr'><strong>ut</strong></span> <span class='ocrx_word' id='word_1_181' title='bbox 474 2263 568 2327; x_wconf 90' lang='lat' dir='ltr'><strong>buius</strong></span> <span class='ocrx_word' id='word_1_182' title='bbox 596 2262 775 2325; x_wconf 86' lang='lat' dir='ltr'><strong>concambii</strong></span> <span class='ocrx_word' id='word_1_183' title='bbox 794 2261 983 2324; x_wconf 90' lang='lat' dir='ltr'><strong>constitucio</strong></span> <span class='ocrx_word' id='word_1_184' title='bbox 1005 2259 1198 2322; x_wconf 87' lang='lat' dir='ltr'><strong>inviolabilis</strong></span> <span class='ocrx_word' id='word_1_185' title='bbox 1219 2261 1380 2344; x_wconf 91' lang='lat' dir='ltr'><strong>perpetuis</strong></span> 
     </span>
     <span class='ocr_line' id='line_1_22' title="bbox 82 2347 1380 2436; baseline 0.002 -27"><span class='ocrx_word' id='word_1_186' title='bbox 82 2352 268 2434; x_wconf 87' lang='lat' dir='ltr'><strong>temporibus</strong></span> <span class='ocrx_word' id='word_1_187' title='bbox 297 2359 481 2436; x_wconf 88' lang='lat' dir='ltr'><strong>permaneat</strong></span> <span class='ocrx_word' id='word_1_188' title='bbox 508 2357 539 2416; x_wconf 91' lang='lat' dir='ltr'><strong>et</strong></span> <span class='ocrx_word' id='word_1_189' title='bbox 567 2351 770 2429; x_wconf 80' lang='lat' dir='ltr'><strong>inconvulsa,</strong></span> <span class='ocrx_word' id='word_1_190' title='bbox 799 2355 978 2433; x_wconf 89' lang='lat' dir='ltr'><strong>presentem</strong></span> <span class='ocrx_word' id='word_1_191' title='bbox 1000 2347 1139 2412; x_wconf 88' lang='lat' dir='ltr'><strong>litteram</strong></span> <span class='ocrx_word' id='word_1_192' title='bbox 1162 2349 1258 2432; x_wconf 84' lang='lat' dir='ltr'><strong>sigilli</strong></span> <span class='ocrx_word' id='word_1_193' title='bbox 1278 2351 1380 2412; x_wconf 89' lang='lat' dir='ltr'><strong>nostri</strong></span> 
     </span>
     <span class='ocr_line' id='line_1_23' title="bbox 83 2438 1381 2524; baseline 0.003 -26"><span class='ocrx_word' id='word_1_194' title='bbox 83 2438 269 2522; x_wconf 88' lang='lat' dir='ltr'><strong>inpressione</strong></span> <span class='ocrx_word' id='word_1_195' title='bbox 291 2444 488 2524; x_wconf 85' lang='lat' dir='ltr'><strong>signavimus</strong></span> <span class='ocrx_word' id='word_1_196' title='bbox 510 2449 541 2506; x_wconf 90' lang='lat' dir='ltr'><strong>et</strong></span> <span class='ocrx_word' id='word_1_197' title='bbox 562 2442 761 2522; x_wconf 57' lang='lat' dir='ltr'><strong>⁸idoneorum</strong></span> <span class='ocrx_word' id='word_1_198' title='bbox 778 2442 906 2503; x_wconf 90' lang='lat' dir='ltr'><strong>testium</strong></span> <span class='ocrx_word' id='word_1_199' title='bbox 919 2439 1381 2516; x_wconf 71' lang='lat' dir='ltr'><strong>testimonioconfimnavimua</strong></span> 
     </span>
     <span class='ocr_line' id='line_1_24' title="bbox 84 2529 1380 2616; baseline 0.002 -26"><span class='ocrx_word' id='word_1_200' title='bbox 84 2545 210 2608; x_wconf 86' lang='lat' dir='ltr'><strong>quorum</strong></span> <span class='ocrx_word' id='word_1_201' title='bbox 222 2533 438 2596; x_wconf 81' lang='lat' dir='ltr'><strong>nominasent</strong></span> <span class='ocrx_word' id='word_1_202' title='bbox 449 2533 630 2616; x_wconf 80' lang='lat' dir='ltr'><strong>prescripta.</strong></span> <span class='ocrx_word' id='word_1_203' title='bbox 653 2533 734 2594; x_wconf 88' lang='lat' dir='ltr'><strong>Acta</strong></span> <span class='ocrx_word' id='word_1_204' title='bbox 745 2530 888 2593; x_wconf 56' lang='lat' dir='ltr'><strong>s‘uuthee</strong></span> <span class='ocrx_word' id='word_1_205' title='bbox 899 2549 982 2591; x_wconf 90' lang='lat' dir='ltr'><strong>anno</strong></span> <span class='ocrx_word' id='word_1_206' title='bbox 995 2529 1115 2590; x_wconf 90' lang='lat' dir='ltr'><strong>domini</strong></span> <span class='ocrx_word' id='word_1_207' title='bbox 1126 2529 1380 2597; x_wconf 65' lang='lat' dir='ltr'><strong>M⁰cc⁰Lxx⁰1lt</strong></span> 
     </span>
     <span class='ocr_line' id='line_1_25' title="bbox 84 2617 537 2702; baseline 0.013 -26"><span class='ocrx_word' id='word_1_208' title='bbox 84 2617 113 2678; x_wconf 89' lang='lat' dir='ltr'><strong>in</strong></span> <span class='ocrx_word' id='word_1_209' title='bbox 133 2621 237 2702; x_wconf 78' lang='lat' dir='ltr'><strong>vigilia</strong></span> <span class='ocrx_word' id='word_1_210' title='bbox 260 2620 343 2684; x_wconf 87' lang='lat' dir='ltr'><strong>beati</strong></span> <span class='ocrx_word' id='word_1_211' title='bbox 368 2621 537 2684; x_wconf 88' lang='lat' dir='ltr'><strong>Valentini.</strong></span> 
     </span>
    </p>
   </div>
   <div class='ocr_carea' id='block_1_3' title="bbox 146 2743 623 2836">
    <p class='ocr_par' dir='ltr' id='par_1_3' title="bbox 146 2743 623 2836">
     <span class='ocr_line' id='line_1_26' title="bbox 146 2743 623 2836; baseline 0 -30"><span class='ocrx_word' id='word_1_212' title='bbox 146 2752 275 2836; x_wconf 75' lang='lat' dir='ltr'><strong>”betsllg</strong></span> <span class='ocrx_word' id='word_1_213' title='bbox 293 2753 322 2807; x_wconf 90' lang='lat' dir='ltr'><em>D</em></span> <span class='ocrx_word' id='word_1_214' title='bbox 393 2743 406 2782; x_wconf 76' lang='lat'><strong>¹¹</strong></span> <span class='ocrx_word' id='word_1_215' title='bbox 425 2753 579 2808; x_wconf 84' lang='lat' dir='ltr'><strong>vocabatur</strong></span> <span class='ocrx_word' id='word_1_216' title='bbox 598 2754 623 2806; x_wconf 80' lang='grc' dir='ltr'><em>Τ</em></span> 
     </span>
    </p>
   </div>
   <div class='ocr_carea' id='block_1_4' title="bbox 85 2993 1379 3159">
    <p class='ocr_par' dir='ltr' id='par_1_4' title="bbox 85 2993 1379 3159">
     <span class='ocr_line' id='line_1_27' title="bbox 85 2993 1379 3159; baseline 0.005 -25"><span class='ocrx_word' id='word_1_217' title='bbox 85 3056 182 3140; x_wconf 72' lang='lat' dir='ltr'><strong>rau.</strong></span> <span class='ocrx_word' id='word_1_218' title='bbox 209 3057 336 3159; x_wconf 76' lang='lat' dir='ltr'><strong>Aprll</strong></span> <span class='ocrx_word' id='word_1_219' title='bbox 359 3061 397 3144; x_wconf 83' lang='lat'><strong>3.</strong></span> <span class='ocrx_word' id='word_1_220' title='bbox 425 3059 587 3141; x_wconf 84' lang='lat' dir='ltr'><strong>Plorte.</strong></span> <span class='ocrx_word' id='word_1_221' title='bbox 620 3119 624 3124; x_wconf 82' lang='lat'>-</span> <span class='ocrx_word' id='word_1_222' title='bbox 722 2993 724 2996; x_wconf 16' lang='grc' dir='ltr'>Ι</span> <span class='ocrx_word' id='word_1_223' title='bbox 1294 3059 1379 3142; x_wconf 77' lang='grc'><strong>237.</strong></span> 
     </span>
    </p>
   </div>
   <div class='ocr_carea' id='block_1_5' title="bbox 119 3173 1381 3364">
    <p class='ocr_par' dir='ltr' id='par_1_5' title="bbox 119 3173 1381 3364">
     <span class='ocr_line' id='line_1_28' title="bbox 157 3173 1381 3276; baseline 0.002 -21"><span class='ocrx_word' id='word_1_224' title='bbox 157 3173 299 3256; x_wconf 66' lang='lat' dir='ltr'><strong>Auula</strong></span> <span class='ocrx_word' id='word_1_225' title='bbox 319 3193 495 3275; x_wconf 61' lang='lat' dir='ltr'><strong>naturas</strong></span> <span class='ocrx_word' id='word_1_226' title='bbox 509 3213 567 3258; x_wconf 78' lang='lat' dir='ltr'><strong>von</strong></span> <span class='ocrx_word' id='word_1_227' title='bbox 592 3193 774 3274; x_wconf 58' lang='lat' dir='ltr'><strong>faurama</strong></span> <span class='ocrx_word' id='word_1_228' title='bbox 798 3194 938 3274; x_wconf 64' lang='lat' dir='ltr'><strong>battua</strong></span> <span class='ocrx_word' id='word_1_229' title='bbox 958 3194 1027 3257; x_wconf 72' lang='lat' dir='ltr'><strong>aaa</strong></span> <span class='ocrx_word' id='word_1_230' title='bbox 1047 3193 1175 3258; x_wconf 69' lang='lat' dir='ltr'><strong>moue</strong></span> <span class='ocrx_word' id='word_1_231' title='bbox 1195 3197 1301 3276; x_wconf 69' lang='lat' dir='ltr'><strong>Psote</strong></span> <span class='ocrx_word' id='word_1_232' title='bbox 1321 3195 1381 3258; x_wconf 66' lang='lat' dir='ltr'><strong>aaa</strong></span> 
     </span>
     <span class='ocr_line' id='line_1_29' title="bbox 119 3281 765 3364; baseline 0 -18"><span class='ocrx_word' id='word_1_233' title='bbox 119 3281 224 3347; x_wconf 67' lang='lat' dir='ltr'><strong>nesea</strong></span> <span class='ocrx_word' id='word_1_234' title='bbox 242 3283 297 3346; x_wconf 83' lang='lat' dir='ltr'><strong>der</strong></span> <span class='ocrx_word' id='word_1_235' title='bbox 320 3283 463 3347; x_wconf 75' lang='lat' dir='ltr'><strong>Gerielrte</strong></span> <span class='ocrx_word' id='word_1_236' title='bbox 482 3285 518 3347; x_wconf 82' lang='grc'><strong>111</strong></span> <span class='ocrx_word' id='word_1_237' title='bbox 539 3282 765 3364; x_wconf 78' lang='lat' dir='ltr'><strong>Ftamminpeu.</strong></span> 
     </span>
    </p>
   </div>
   <div class='ocr_carea' id='block_1_6' title="bbox 226 3417 1383 3728">
    <p class='ocr_par' dir='ltr' id='par_1_6' title="bbox 226 3417 1383 3728">
     <span class='ocr_line' id='line_1_30' title="bbox 226 3417 1380 3487; baseline 0.002 -13"><span class='ocrx_word' id='word_1_238' title='bbox 226 3419 362 3480; x_wconf 63' lang='lat' dir='ltr'><strong>Hdacbm</strong></span> <span class='ocrx_word' id='word_1_239' title='bbox 383 3419 428 3476; x_wconf 87' lang='lat' dir='ltr'><strong>Or.</strong></span> <span class='ocrx_word' id='word_1_240' title='bbox 444 3418 516 3487; x_wconf 74' lang='lat' dir='ltr'><strong>Perp.</strong></span> <span class='ocrx_word' id='word_1_241' title='bbox 535 3435 585 3472; x_wconf 80' lang='lat' dir='ltr'><strong>oon</strong></span> <span class='ocrx_word' id='word_1_242' title='bbox 604 3418 744 3472; x_wconf 74' lang='lat' dir='ltr'><strong>Pmteruer</strong></span> <span class='ocrx_word' id='word_1_243' title='bbox 763 3417 851 3471; x_wconf 76' lang='lat' dir='ltr'><strong>Haud</strong></span> <span class='ocrx_word' id='word_1_244' title='bbox 870 3418 931 3486; x_wconf 74' lang='lat' dir='ltr'><strong>(ool.</strong></span> <span class='ocrx_word' id='word_1_245' title='bbox 950 3417 1030 3472; x_wconf 82' lang='lat' dir='ltr'><strong>Poeae</strong></span> <span class='ocrx_word' id='word_1_246' title='bbox 1047 3418 1087 3476; x_wconf 87' lang='lat'><strong>19.</strong></span> <span class='ocrx_word' id='word_1_247' title='bbox 1107 3421 1161 3486; x_wconf 80' lang='grc'><em>58).</em></span> <span class='ocrx_word' id='word_1_248' title='bbox 1192 3418 1237 3486; x_wconf 76' lang='lat' dir='ltr'><strong>Sp.</strong></span> <span class='ocrx_word' id='word_1_249' title='bbox 1256 3419 1380 3478; x_wconf 73' lang='lat' dir='ltr'><strong>taurea</strong></span> 
     </span>
     <span class='ocr_line' id='line_1_31' title="bbox 274 3487 1382 3567; baseline -0.002 -13"><span class='ocrx_word' id='word_1_250' title='bbox 274 3499 374 3567; x_wconf 75' lang='lat' dir='ltr'><strong>Psorle,</strong></span> <span class='ocrx_word' id='word_1_251' title='bbox 394 3497 543 3552; x_wconf 64' lang='lat' dir='ltr'><strong>auratae</strong></span> <span class='ocrx_word' id='word_1_252' title='bbox 561 3497 595 3556; x_wconf 88' lang='grc' dir='ltr'><strong>Β,</strong></span> <span class='ocrx_word' id='word_1_253' title='bbox 606 3502 647 3556; x_wconf 86' lang='lat'><strong>10.</strong></span> <span class='ocrx_word' id='word_1_254' title='bbox 668 3527 701 3536; x_wconf 89' lang='lat'>-</span> <span class='ocrx_word' id='word_1_255' title='bbox 719 3497 749 3551; x_wconf 92' lang='lat' dir='ltr'><strong><em>D</em></strong></span> <span class='ocrx_word' id='word_1_256' title='bbox 760 3487 814 3550; x_wconf 73' lang='lat' dir='ltr'><strong>34b</strong></span> <span class='ocrx_word' id='word_1_257' title='bbox 832 3497 884 3562; x_wconf 78' lang='lat' dir='ltr'><strong>(tu.</strong></span> <span class='ocrx_word' id='word_1_258' title='bbox 895 3495 1070 3567; x_wconf 84' lang='lat' dir='ltr'><strong>Flemingen)</strong></span> <span class='ocrx_word' id='word_1_259' title='bbox 1090 3497 1149 3551; x_wconf 71' lang='lat' dir='ltr'><strong>mad</strong></span> <span class='ocrx_word' id='word_1_260' title='bbox 1166 3499 1311 3565; x_wconf 70' lang='lat' dir='ltr'><strong>acetabula,</strong></span> <span class='ocrx_word' id='word_1_261' title='bbox 1331 3516 1382 3552; x_wconf 81' lang='lat' dir='ltr'><strong>voa</strong></span> 
     </span>
     <span class='ocr_line' id='line_1_32' title="bbox 274 3576 1383 3644; baseline 0 -12"><span class='ocrx_word' id='word_1_262' title='bbox 274 3577 498 3632; x_wconf 69' lang='lat' dir='ltr'><strong>eianaaddee</strong></span> <span class='ocrx_word' id='word_1_263' title='bbox 516 3581 557 3632; x_wconf 74' lang='lat'><strong>14.</strong></span> <span class='ocrx_word' id='word_1_264' title='bbox 569 3577 676 3643; x_wconf 64' lang='lat' dir='ltr'><strong>Jahrb,</strong></span> <span class='ocrx_word' id='word_1_265' title='bbox 695 3577 775 3635; x_wconf 74' lang='lat' dir='ltr'><em>D52.</em></span> <span class='ocrx_word' id='word_1_266' title='bbox 797 3576 881 3633; x_wconf 75' lang='lat' dir='ltr'><strong>Troe</strong></span> <span class='ocrx_word' id='word_1_267' title='bbox 898 3576 957 3628; x_wconf 77' lang='lat' dir='ltr'><strong>aad</strong></span> <span class='ocrx_word' id='word_1_268' title='bbox 975 3577 1120 3644; x_wconf 70' lang='lat' dir='ltr'><strong>acclamata,</strong></span> <span class='ocrx_word' id='word_1_269' title='bbox 1138 3579 1201 3632; x_wconf 83' lang='lat' dir='ltr'><strong>aber</strong></span> <span class='ocrx_word' id='word_1_270' title='bbox 1211 3595 1261 3632; x_wconf 76' lang='lat' dir='ltr'><strong>ocu</strong></span> <span class='ocrx_word' id='word_1_271' title='bbox 1269 3578 1383 3632; x_wconf 73' lang='lat' dir='ltr'><strong>auderet</strong></span> 
     </span>
     <span class='ocr_line' id='line_1_33' title="bbox 273 3655 1298 3728; baseline -0.001 -16"><span class='ocrx_word' id='word_1_272' title='bbox 273 3659 371 3726; x_wconf 74' lang='lat' dir='ltr'><strong>Haud,</strong></span> <span class='ocrx_word' id='word_1_273' title='bbox 389 3657 621 3728; x_wconf 69' lang='lat' dir='ltr'><strong>durupaaicbea</strong></span> <span class='ocrx_word' id='word_1_274' title='bbox 638 3657 697 3709; x_wconf 74' lang='lat' dir='ltr'><strong>mad</strong></span> <span class='ocrx_word' id='word_1_275' title='bbox 714 3655 944 3723; x_wconf 74' lang='lat' dir='ltr'><strong>obaeNeubdfera</strong></span> <span class='ocrx_word' id='word_1_276' title='bbox 963 3655 1176 3727; x_wconf 75' lang='lat' dir='ltr'><strong>Beylaatipung,</strong></span> <span class='ocrx_word' id='word_1_277' title='bbox 1197 3658 1222 3710; x_wconf 83' lang='grc' dir='ltr'><em>Τ</em></span> <span class='ocrx_word' id='word_1_278' title='bbox 1235 3659 1298 3712; x_wconf 79' lang='lat'><em>286.</em></span> 
     </span>
    </p>
   </div>
   <div class='ocr_carea' id='block_1_7' title="bbox 225 3762 1382 3911">
    <p class='ocr_par' dir='ltr' id='par_1_7' title="bbox 225 3762 1382 3911">
     <span class='ocr_line' id='line_1_34' title="bbox 225 3762 1382 3899; baseline 0 -81"><span class='ocrx_word' id='word_1_279' title='bbox 225 3765 337 3899; x_wconf 43' lang='lat' dir='ltr'><strong>Dm</strong></span> <span class='ocrx_word' id='word_1_280' title='bbox 354 3765 493 3898; x_wconf 52' lang='grc' dir='ltr'><strong>Βοιὶἷίσοέτ</strong></span> <span class='ocrx_word' id='word_1_281' title='bbox 520 3764 601 3830; x_wconf 76' lang='lat' dir='ltr'><strong>Wolff</strong></span> <span class='ocrx_word' id='word_1_282' title='bbox 615 3763 657 3830; x_wconf 88' lang='lat' dir='ltr'><strong>II,</strong></span> <span class='ocrx_word' id='word_1_283' title='bbox 678 3767 737 3816; x_wconf 77' lang='lat'><strong><em>180.</em></strong></span> <span class='ocrx_word' id='word_1_284' title='bbox 773 3762 829 3832; x_wconf 72' lang='lat' dir='ltr'><strong>sz.</strong></span> <span class='ocrx_word' id='word_1_285' title='bbox 847 3781 871 3818; x_wconf 85' lang='lat' dir='ltr'><strong>o.</strong></span> <span class='ocrx_word' id='word_1_286' title='bbox 888 3763 1035 3832; x_wconf 68' lang='lat' dir='ltr'><strong>Schotep</strong></span> <span class='ocrx_word' id='word_1_287' title='bbox 1053 3767 1111 3818; x_wconf 82' lang='lat'><em>159.</em></span> <span class='ocrx_word' id='word_1_288' title='bbox 1148 3763 1271 3831; x_wconf 75' lang='lat' dir='ltr'><strong>Boebeia,</strong></span> <span class='ocrx_word' id='word_1_289' title='bbox 1290 3763 1382 3818; x_wconf 76' lang='lat' dir='ltr'><strong>Nacla·</strong></span> 
     </span>
     <span class='ocr_line' id='line_1_35' title="bbox 298 3845 502 3911; baseline -0.005 -12"><span class='ocrx_word' id='word_1_290' title='bbox 298 3845 304 3857; x_wconf 88' lang='lat'>&#39;</span> <span class='ocrx_word' id='word_1_291' title='bbox 335 3851 380 3899; x_wconf 79' lang='lat' dir='ltr'><strong>tea</strong></span> <span class='ocrx_word' id='word_1_292' title='bbox 432 3885 440 3911; x_wconf 88' lang='lat'><em>,</em></span> <span class='ocrx_word' id='word_1_293' title='bbox 479 3848 502 3898; x_wconf 85' lang='lat'><strong>7.</strong></span> 
     </span>
    </p>
   </div>
   <div class='ocr_carea' id='block_1_8' title="bbox 77 3964 1384 4754">
    <p class='ocr_par' dir='ltr' id='par_1_8' title="bbox 77 3964 1384 4680">
     <span class='ocr_line' id='line_1_36' title="bbox 157 3964 1382 4050; baseline -0.004 -19"><span class='ocrx_word' id='word_1_294' title='bbox 157 3967 308 4032; x_wconf 71' lang='lat' dir='ltr'><strong>ilbertus</strong></span> <span class='ocrx_word' id='word_1_295' title='bbox 334 3968 386 4032; x_wconf 91' lang='lat' dir='ltr'><strong>dei</strong></span> <span class='ocrx_word' id='word_1_296' title='bbox 412 3968 519 4050; x_wconf 89' lang='lat' dir='ltr'><strong>gracia</strong></span> <span class='ocrx_word' id='word_1_297' title='bbox 542 3965 714 4048; x_wconf 88' lang='lat' dir='ltr'><strong>Thuringie</strong></span> <span class='ocrx_word' id='word_1_298' title='bbox 737 3965 935 4048; x_wconf 86' lang='lat' dir='ltr'><strong>lantgravius</strong></span> <span class='ocrx_word' id='word_1_299' title='bbox 957 3971 989 4028; x_wconf 90' lang='lat' dir='ltr'><strong>et</strong></span> <span class='ocrx_word' id='word_1_300' title='bbox 1010 3964 1148 4028; x_wconf 84' lang='lat' dir='ltr'><strong>Saxonie</strong></span> <span class='ocrx_word' id='word_1_301' title='bbox 1171 3985 1277 4028; x_wconf 90' lang='lat' dir='ltr'><strong>eomes</strong></span> <span class='ocrx_word' id='word_1_302' title='bbox 1297 3965 1382 4048; x_wconf 88' lang='lat' dir='ltr'><strong>palu-</strong></span> 
     </span>
     <span class='ocr_line' id='line_1_37' title="bbox 79 4055 1383 4140; baseline 0 -24"><span class='ocrx_word' id='word_1_303' title='bbox 79 4055 163 4118; x_wconf 84' lang='lat' dir='ltr'><strong>tinus</strong></span> <span class='ocrx_word' id='word_1_304' title='bbox 198 4057 347 4120; x_wconf 86' lang='lat' dir='ltr'><strong>omnibus</strong></span> <span class='ocrx_word' id='word_1_305' title='bbox 378 4057 411 4118; x_wconf 92' lang='lat' dir='ltr'><strong>in</strong></span> <span class='ocrx_word' id='word_1_306' title='bbox 442 4061 640 4140; x_wconf 88' lang='lat' dir='ltr'><strong>perpetuum.</strong></span> <span class='ocrx_word' id='word_1_307' title='bbox 692 4055 849 4118; x_wconf 86' lang='lat' dir='ltr'><strong>Noverint</strong></span> <span class='ocrx_word' id='word_1_308' title='bbox 876 4055 1032 4132; x_wconf 77' lang='lat' dir='ltr'><strong>universi,</strong></span> <span class='ocrx_word' id='word_1_309' title='bbox 1068 4055 1107 4117; x_wconf 87' lang='lat' dir='ltr'><strong>ad</strong></span> <span class='ocrx_word' id='word_1_310' title='bbox 1143 4075 1223 4136; x_wconf 90' lang='lat' dir='ltr'><strong>quos</strong></span> <span class='ocrx_word' id='word_1_311' title='bbox 1251 4073 1383 4138; x_wconf 85' lang='lat' dir='ltr'><strong>presens</strong></span> 
     </span>
     <span class='ocr_line' id='line_1_38' title="bbox 81 4144 1383 4230; baseline 0 -24"><span class='ocrx_word' id='word_1_312' title='bbox 81 4146 231 4228; x_wconf 82' lang='lat' dir='ltr'><strong>scriptum</strong></span> <span class='ocrx_word' id='word_1_313' title='bbox 260 4147 458 4230; x_wconf 76' lang='lat' dir='ltr'><strong>pervenerit,</strong></span> <span class='ocrx_word' id='word_1_314' title='bbox 490 4147 574 4227; x_wconf 91' lang='lat' dir='ltr'><strong>quod</strong></span> <span class='ocrx_word' id='word_1_315' title='bbox 607 4165 665 4209; x_wconf 91' lang='lat' dir='ltr'><strong>nos</strong></span> <span class='ocrx_word' id='word_1_316' title='bbox 697 4146 818 4208; x_wconf 81' lang='lat' dir='ltr'><strong>curiam</strong></span> <span class='ocrx_word' id='word_1_317' title='bbox 848 4151 881 4207; x_wconf 91' lang='lat' dir='ltr'><strong>et</strong></span> <span class='ocrx_word' id='word_1_318' title='bbox 910 4144 1019 4207; x_wconf 83' lang='lat' dir='ltr'><strong>villam</strong></span> <span class='ocrx_word' id='word_1_319' title='bbox 1046 4144 1238 4227; x_wconf 84' lang='lat' dir='ltr'><strong>Vlemingen</strong></span> <span class='ocrx_word' id='word_1_320' title='bbox 1265 4145 1383 4207; x_wconf 89' lang='lat' dir='ltr'><strong>dictam</strong></span> 
     </span>
     <span class='ocr_line' id='line_1_39' title="bbox 78 4234 1383 4300; baseline 0.002 -6"><span class='ocrx_word' id='word_1_321' title='bbox 78 4234 199 4298; x_wconf 86' lang='lat' dir='ltr'><strong>abbatis</strong></span> <span class='ocrx_word' id='word_1_322' title='bbox 217 4242 249 4300; x_wconf 90' lang='lat' dir='ltr'><strong>et</strong></span> <span class='ocrx_word' id='word_1_323' title='bbox 265 4241 442 4299; x_wconf 87' lang='lat' dir='ltr'><strong>conventus</strong></span> <span class='ocrx_word' id='word_1_324' title='bbox 459 4236 661 4299; x_wconf 84' lang='lat' dir='ltr'><strong>Portensium</strong></span> <span class='ocrx_word' id='word_1_325' title='bbox 680 4235 719 4298; x_wconf 87' lang='lat' dir='ltr'><strong>ab</strong></span> <span class='ocrx_word' id='word_1_326' title='bbox 742 4235 828 4298; x_wconf 89' lang='lat' dir='ltr'><strong>omni</strong></span> <span class='ocrx_word' id='word_1_327' title='bbox 849 4235 1016 4297; x_wconf 87' lang='lat' dir='ltr'><strong>exactione</strong></span> <span class='ocrx_word' id='word_1_328' title='bbox 1038 4235 1181 4297; x_wconf 91' lang='lat' dir='ltr'><strong>iudicum</strong></span> <span class='ocrx_word' id='word_1_329' title='bbox 1201 4240 1383 4297; x_wconf 87' lang='lat' dir='ltr'><strong>nostrorum</strong></span> 
     </span>
     <span class='ocr_line' id='line_1_40' title="bbox 78 4322 1384 4408; baseline 0.002 -23"><span class='ocrx_word' id='word_1_330' title='bbox 78 4329 107 4386; x_wconf 86' lang='lat' dir='ltr'><strong>ct</strong></span> <span class='ocrx_word' id='word_1_331' title='bbox 125 4327 312 4408; x_wconf 84' lang='lat' dir='ltr'><strong>gravamine</strong></span> <span class='ocrx_word' id='word_1_332' title='bbox 339 4325 472 4389; x_wconf 87' lang='lat' dir='ltr'><strong>liberam</strong></span> <span class='ocrx_word' id='word_1_333' title='bbox 499 4326 726 4406; x_wconf 66' lang='lat' dir='ltr'><strong>relinquimus,</strong></span> <span class='ocrx_word' id='word_1_334' title='bbox 749 4327 831 4388; x_wconf 90' lang='lat' dir='ltr'><strong>sicut</strong></span> <span class='ocrx_word' id='word_1_335' title='bbox 851 4326 914 4387; x_wconf 89' lang='lat' dir='ltr'><strong>iam</strong></span> <span class='ocrx_word' id='word_1_336' title='bbox 937 4324 1011 4387; x_wconf 88' lang='lat' dir='ltr'><strong>dicti</strong></span> <span class='ocrx_word' id='word_1_337' title='bbox 1035 4322 1133 4386; x_wconf 84' lang='lat' dir='ltr'><strong>abbas</strong></span> <span class='ocrx_word' id='word_1_338' title='bbox 1154 4329 1186 4386; x_wconf 90' lang='lat' dir='ltr'><strong>et</strong></span> <span class='ocrx_word' id='word_1_339' title='bbox 1207 4331 1384 4387; x_wconf 83' lang='lat' dir='ltr'><strong>conventus</strong></span> 
     </span>
     <span class='ocr_line' id='line_1_41' title="bbox 79 4411 1382 4499; baseline 0.002 -23"><span class='ocrx_word' id='word_1_340' title='bbox 79 4413 239 4480; x_wconf 86' lang='lat' dir='ltr'><strong>Portensis</strong></span> <span class='ocrx_word' id='word_1_341' title='bbox 268 4417 308 4479; x_wconf 89' lang='lat' dir='ltr'><strong>ab</strong></span> <span class='ocrx_word' id='word_1_342' title='bbox 337 4417 468 4498; x_wconf 90' lang='lat' dir='ltr'><strong>antiquo</strong></span> <span class='ocrx_word' id='word_1_343' title='bbox 498 4416 561 4478; x_wconf 90' lang='lat' dir='ltr'><strong>iam</strong></span> <span class='ocrx_word' id='word_1_344' title='bbox 588 4415 704 4479; x_wconf 87' lang='lat' dir='ltr'><strong>dietam</strong></span> <span class='ocrx_word' id='word_1_345' title='bbox 735 4415 842 4478; x_wconf 74' lang='lat' dir='ltr'><strong>iillum</strong></span> <span class='ocrx_word' id='word_1_346' title='bbox 864 4415 970 4494; x_wconf 87' lang='lat' dir='ltr'><strong>quiete</strong></span> <span class='ocrx_word' id='word_1_347' title='bbox 992 4419 1024 4476; x_wconf 90' lang='lat' dir='ltr'><strong>et</strong></span> <span class='ocrx_word' id='word_1_348' title='bbox 1044 4411 1142 4476; x_wconf 90' lang='lat' dir='ltr'><strong>libere</strong></span> <span class='ocrx_word' id='word_1_349' title='bbox 1164 4413 1382 4499; x_wconf 76' lang='lat' dir='ltr'><strong>possederunt,</strong></span> 
     </span>
     <span class='ocr_line' id='line_1_42' title="bbox 77 4503 1383 4585; baseline -0.002 -20"><span class='ocrx_word' id='word_1_350' title='bbox 77 4505 117 4566; x_wconf 83' lang='lat' dir='ltr'><strong>ita</strong></span> <span class='ocrx_word' id='word_1_351' title='bbox 158 4513 197 4567; x_wconf 92' lang='lat' dir='ltr'><strong>ut</strong></span> <span class='ocrx_word' id='word_1_352' title='bbox 227 4505 335 4569; x_wconf 86' lang='lat' dir='ltr'><strong>nullus</strong></span> <span class='ocrx_word' id='word_1_353' title='bbox 366 4505 509 4568; x_wconf 88' lang='lat' dir='ltr'><strong>iudicum</strong></span> <span class='ocrx_word' id='word_1_354' title='bbox 551 4511 732 4568; x_wconf 89' lang='lat' dir='ltr'><strong>nostrorum</strong></span> <span class='ocrx_word' id='word_1_355' title='bbox 770 4504 910 4585; x_wconf 88' lang='lat' dir='ltr'><strong>aliquam</strong></span> <span class='ocrx_word' id='word_1_356' title='bbox 941 4521 1084 4580; x_wconf 74' lang='lat' dir='ltr'><strong>causam,</strong></span> <span class='ocrx_word' id='word_1_357' title='bbox 1123 4503 1224 4564; x_wconf 86' lang='lat' dir='ltr'><strong>eciam</strong></span> <span class='ocrx_word' id='word_1_358' title='bbox 1255 4521 1383 4565; x_wconf 89' lang='lat' dir='ltr'><strong>oausam</strong></span> 
     </span>
     <span class='ocr_line' id='line_1_43' title="bbox 78 4591 1382 4680; baseline -0.002 -23"><span class='ocrx_word' id='word_1_359' title='bbox 78 4596 256 4678; x_wconf 75' lang='lat' dir='ltr'><strong>sangrinus,</strong></span> <span class='ocrx_word' id='word_1_360' title='bbox 285 4597 318 4659; x_wconf 93' lang='lat' dir='ltr'><strong>in</strong></span> <span class='ocrx_word' id='word_1_361' title='bbox 347 4595 424 4658; x_wconf 85' lang='lat' dir='ltr'><strong>villa</strong></span> <span class='ocrx_word' id='word_1_362' title='bbox 449 4595 593 4680; x_wconf 86' lang='lat' dir='ltr'><strong>predicta</strong></span> <span class='ocrx_word' id='word_1_363' title='bbox 621 4593 741 4657; x_wconf 89' lang='lat' dir='ltr'><strong>iudicet</strong></span> <span class='ocrx_word' id='word_1_364' title='bbox 761 4593 813 4657; x_wconf 83' lang='lat' dir='ltr'><strong>vel</strong></span> <span class='ocrx_word' id='word_1_365' title='bbox 836 4593 1011 4670; x_wconf 70' lang='lat' dir='ltr'><strong>examinet,</strong></span> <span class='ocrx_word' id='word_1_366' title='bbox 1032 4591 1089 4654; x_wconf 88' lang='lat' dir='ltr'><strong>sed</strong></span> <span class='ocrx_word' id='word_1_367' title='bbox 1107 4597 1210 4654; x_wconf 90' lang='lat' dir='ltr'><strong>totum</strong></span> <span class='ocrx_word' id='word_1_368' title='bbox 1229 4591 1382 4656; x_wconf 87' lang='lat' dir='ltr'><strong>iudicium</strong></span> 
     </span>
    </p>

    <p class='ocr_par' dir='ltr' id='par_1_9' title="bbox 1130 4699 1184 4754">
     <span class='ocr_line' id='line_1_44' title="bbox 1130 4699 1184 4754; baseline 0.037 -2"><span class='ocrx_word' id='word_1_369' title='bbox 1130 4699 1184 4754; x_wconf 71' lang='lat' dir='ltr'><strong>le*</strong></span> 
     </span>
    </p>
   </div>
   <div class='ocr_carea' id='block_1_9' title="bbox 0 0 1707 5148">
    <p class='ocr_par' dir='ltr' id='par_1_10' title="bbox 0 0 1707 5148">
     <span class='ocr_line' id='line_1_45' title="bbox 0 0 1707 5148; baseline 0 0"><span class='ocrx_word' id='word_1_370' title='bbox 0 0 1707 5148; x_wconf 95' lang='lat' dir='ltr'><strong> </strong></span> 
     </span>
    </p>
   </div>
  </div>
 </body>
</html>
