3392 5150
305 345 366 402 ort
687 341 915 402 Urkundenbuoh
933 342 982 400 dee
1000 339 1127 400 Kloeters
1145 342 1246 402 Psorte.

312 497 419 580 reor.
446 495 555 579 runt
582 496 642 578 13.
1526 497 1603 581 ou.
1680 456 1685 497 ²

391 631 558 697 Friedrich
585 651 645 695 ooo
672 629 842 708 Balestddl
873 631 985 712 cignei,
1016 631 1154 712 rupleicb
1188 633 1228 695 im
1256 631 1381 697 Nomen
1405 635 1462 699 der
1488 635 1604 714 corben

351 720 571 802 Bellueiliyben,
601 720 670 783 dem
698 719 824 784 Klosler
841 721 1035 802 Psorle1112
1057 721 1203 803 Hufeiu
1226 720 1377 786 Zoebruur
1395 743 1454 800 ru,
1476 725 1526 788 die
1548 722 1605 788 (llio

350 831 409 875 uon
431 810 578 906 Gdseoilr
597 829 641 873 ou
662 809 799 874 daesclbc
818 811 965 891 uelauit
983 810 1046 878 bul.

460 945 596 1003 nucu.-
614 945 645 998 n
663 937 715 999 er
733 946 784 1013 (ur.
796 943 944 1014 Zebeuur).
975 947 1056 1002 reo.

460 1051 720 1106 nmlsneteu:
736 1051 868 1119 uuffrr,
880 1055 941 1108 215.
966 1052 1021 1121 Vol·
1035 1050 1185 1118 muer,
1198 1055 1256 1106 ue.
1275 1051 1528 1108 Bostrenum
1536 1052 1561 1118 1,
1571 1057 1604 1107 rr.

391 1182 458 1264 Ego
470 1180 652 1246 Fridericus
673 1180 712 1244 de
728 1179 907 1243 Bolchstete
928 1180 1066 1264 presenti
1088 1178 1204 1262 scripto
1228 1179 1354 1242 declaro
1377 1183 1441 1244 teni
1462 1181 1607 1264 presentis

311 1272 362 1336 evi
384 1269 565 1334 hominibus
587 1287 684 1351 quam
705 1268 815 1344 futuri,
837 1269 923 1350 quod
944 1269 1093 1332 dominus
1105 1267 1178 1331 Otto
1191 1269 1390 1351 propinquus
1405 1289 1505 1348 meus,
1523 1269 1606 1332 miles

312 1362 415 1424 dictus
437 1361 475 1424 de
492 1359 670 1436 Gustenioz,
691 1357 837 1421 ¹domiuo
860 1357 966 1420 abbati
986 1365 1017 1420 et
1038 1357 1172 1421 ecclesie
1191 1357 1336 1420 Portensi
1367 1359 1509 1422 vendidit
1529 1379 1608 1422 mau-

311 1471 381 1514 sum
404 1458 436 1514 et
458 1449 625 1512 dimidium
646 1450 678 1511 iu
704 1467 784 1531 pago
807 1445 880 1510 villo
902 1447 1046 1511 Zebelrvr
1074 1467 1130 1531 pro
1153 1447 1336 1528 quindecim
1360 1450 1476 1511 mercis
1497 1449 1608 1531 urgenti

312 1540 373 1603 sibi
393 1538 591 1622 integraliter
611 1537 790 1623 persolutis
812 1557 907 1618 quern
932 1536 1060 1618 quidem
1073 1556 1219 1600 mansum
1234 1544 1266 1599 et
1277 1537 1444 1600 dimidium
1456 1538 1609 1622 predictus

312 1629 361 1693 ot.
382 1631 414 1691 iu
438 1629 637 1711 possessione
659 1626 783 1704 habuit,
808 1627 986 1711 proprietas
1014 1646 1089 1689 vero
1112 1625 1151 1690 ad
1172 1647 1222 1690 me
1244 1627 1336 1690 etad
1360 1647 1447 1690 meos
1467 1627 1610 1710 pertinuit

311 1719 403 1783 uobis
424 1738 443 1780 e
464 1718 580 1781 uostris
598 1716 854 1802 progenitoribus
873 1715 1031 1780 devoluta.
1065 1715 1108 1779 Ut
1128 1722 1234 1780 autem
1255 1724 1338 1780 esset
1353 1718 1446 1780 lirino
1464 1717 1611 1783 vendicio.

312 1816 344 1872 et
364 1827 403 1871 ue
426 1807 577 1871 cavillosa
599 1807 722 1888 questio
744 1825 785 1868 ex
808 1807 867 1868 hoo
888 1813 995 1889 posset
1016 1806 1049 1867 in
1071 1813 1232 1888 posterum
1256 1807 1402 1882 suboriri,
1423 1806 1611 1890 sepedictus

313 1897 361 1960 Ot.
384 1897 423 1961 de
446 1895 614 1960 Gosteuicz
635 1902 667 1960 et
688 1915 746 1978 ego
768 1915 927 1958 unacum
949 1896 1101 1958 iratribus
1124 1897 1202 1958 meis
1219 1895 1405 1959 Hermanno
1429 1895 1610 1960 etConredo

311 2006 385 2048 cum
405 1984 576 2050 heredibus
597 2003 723 2059 eorum,
745 1985 819 2047 item
841 1984 900 2046 filii
924 1986 1027 2068 patrui
1049 1985 1126 2062 mei,
1148 1985 1328 2048 Fu'dericus
1352 1986 1512 2064 videlicet,
1536 1986 1611 2049 Her·

312 2095 448 2138 nraunus
470 2081 501 2138 et
522 2074 694 2138 Heinricus
716 2074 790 2136 dicti
804 2074 1020 2138 Bretinbuchl
1043 2094 1117 2136 oum
1140 2074 1288 2138 omuibus
1309 2075 1479 2139 heredibus
1500 2077 1613 2139 suiset

313 2165 368 2248 qui
394 2165 522 2245 aliquod
549 2165 600 2226 ius
627 2165 659 2225 in
690 2163 840 2246 predictis
861 2163 954 2226 bonis
976 2163 1036 2226 sibi
1059 2164 1228 2227 vendicare
1252 2171 1392 2246 possent,
1420 2165 1613 2248 resignantes

312 2254 506 2317 contulimus
527 2259 559 2317 et
580 2253 854 2336 opproprievimus
874 2253 1011 2316 eundem
1034 2271 1181 2316 mensum
1204 2261 1235 2316 et
1257 2253 1423 2318 dimidium
1445 2253 1614 2318 cumomni

312 2345 392 2422 iure,
413 2341 557 2422 utilitate,
576 2343 716 2406 dominio
739 2349 770 2406 et
791 2344 991 2426 proprietate,
1013 2362 1086 2405 cum
1108 2341 1255 2405 omnibus
1278 2345 1344 2406 suis
1366 2343 1566 2426 pertinentiis
1579 2342 1615 2404 od

314 2433 540 2517 possidendum
561 2439 713 2517 perpetuo
735 2432 881 2496 Portensi
906 2432 1098 2496 morresterio
1124 2431 1187 2494 ium
1210 2432 1359 2514 predicto.
1402 2432 1439 2496 In
1460 2434 1554 2496 cuius
1574 2432 1617 2494 rei

314 2525 441 2606 siguum
467 2529 498 2586 et
525 2523 709 2586 memoriam
732 2522 924 2604 perhennem
948 2522 1086 2604 presenti
1109 2521 1236 2604 pagine,
1264 2522 1339 2602 quia
1363 2521 1466 2603 sigillo
1492 2522 1617 2606 proprio

315 2633 416 2692 cereo,
437 2613 576 2694 sigillum
598 2611 700 2674 Vlrici
720 2613 826 2674 fratris
846 2612 909 2674 mei
931 2611 1074 2686 senioris
1098 2629 1161 2692 quo
1183 2611 1335 2674 hactenus
1356 2629 1434 2674 usus
1454 2629 1540 2690 sum,
1562 2627 1617 2670 neo

316 2722 379 2765 uon
406 2709 437 2765 et
465 2701 603 2784 sigillum
630 2701 736 2764 fratris
766 2703 828 2763 mei
855 2699 1031 2764 Hermouni
1062 2700 1141 2763 duxi
1167 2698 1400 2782 opponendum.
1441 2697 1550 2764 Huius
1576 2699 1618 2760 rei

316 2797 412 2856 testes
433 2799 507 2854 suut
528 2791 677 2854 dominus
698 2789 812 2853 Petrus
833 2789 1065 2853 deWolkowe⁰
1086 2795 1118 2853 et
1137 2788 1225 2851 iilius
1246 2788 1315 2851 eius
1336 2787 1488 2852 Albertus
1509 2787 1620 2850 castel·

316 2882 381 2945 leni
401 2881 482 2944 Nori
506 2881 613 2958 castri,
640 2879 813 2942 Heinricus
836 2880 875 2942 do
897 2878 1032 2943 Heseler
1058 2878 1212 2941 scultetus
1234 2877 1515 2960 NueuburgensiS,
1540 2877 1621 2942 Her-

316 2991 453 3034 mennus
484 2971 523 3034 de
554 2971 664 3046 Aken,
703 2967 880 3047 Ditmarus‚
917 2967 1088 3032 Bertoldus
1119 2967 1158 3030 de
1190 2967 1362 3031 Budestete
1394 2967 1480 3030 cives
1511 2967 1621 3031 Nuen-

317 3061 503 3143 burgenses.
534 3061 617 3123 Acte
637 3064 712 3122 sunt
732 3059 790 3121 hec
812 3077 895 3121 anno
918 3057 1393 3138 duminiu⁰co⁰1uxxru⁰⁶,
1415 3057 1488 3120 idus
1498 3056 1596 3120 Iunii.
1691 3067 1692 3140 l

386 3194 444 3248 ‘et
462 3191 621 3247 dominoT
654 3181 919 3261 bBreytinbuchT
951 3189 1106 3246 ⁶Wollrwe
1126 3189 1151 3241 T
1183 3189 1453 3243 uuoccobxxpflu
1471 3188 1502 3242 D
1528 3187 1624 3258 urm

306 3275 362 3328 dcc
379 3273 642 3342 Ztouuemcubuopee
659 3274 708 3326 mit
727 3272 777 3327 Nr.
791 3277 844 3326 275
862 3287 935 3325 uiues
954 3274 1023 3325 1287
1040 3272 1089 3336 fiir
1107 3269 1205 3338 riclrlip
1218 3269 1310 3338 polteo.

307 3570 427 3671 1287.
453 3588 561 3673 «luni
588 3587 651 3670 le.
680 3585 940 3684 baumburg,
968 3583 1373 3684 beugen-Kloster.
1539 3583 1628 3666 275.

398 3723 564 3788 Foederat
593 3742 651 3785 von
679 3721 849 3800 Bulpstc'idl
877 3721 1026 3801 vwkausl
1050 3720 1119 3784 dem
1139 3718 1263 3782 Klosler
1284 3719 1390 3800 Pfotie
1413 3737 1454 3782 zu
1478 3719 1631 3782 dumet

358 3813 457 3876 seinos
481 3811 675 3876 Gaellcuusee
694 3811 754 3874 dus
772 3809 1060 3890 Elpeullrumsrecbl
1080 3829 1123 3871 uu
1146 3815 1167 3872 3
1187 3807 1299 3890 Hufeu
1325 3809 1360 3870 in
1380 3805 1523 3870 Mollem
1545 3807 1633 3872 neue

359 3903 457 3966 doen
476 3901 567 3966 dabri
583 3901 744 3981 pelopenen
774 3899 881 3965 Walde
899 3899 956 3980 [ἄν
980 3901 1047 3979 5¹12
1068 3897 1176 3963 Muris.

451 4033 603 4090 'Hdecbnr
626 4035 706 4093 1¹92.
737 4035 767 4088 1)
784 4035 854 4092 122δ
873 4036 925 4102 (lit.
938 4032 1041 4102 blellir)
1060 4033 1108 4087 mit
1126 4033 1292 4086 ruhlreicbcn
1311 4032 1529 4100 Amloeeunpm,

469 4140 582 4194 nme:
599 4139 734 4198 omoeu-
759 4139 839 4210 Wup
856 4139 900 4207 rr,
917 4143 989 4204 erc¹

400 4267 467 4350 Ego
496 4267 675 4331 Fridericus
700 4268 739 4331 de
765 4267 965 4331 Belohstethe
988 4270 1099 4329 nutum
1120 4285 1189 4330 esse
1212 4267 1305 4350 cupio
1331 4265 1490 4328 universis
1515 4265 1638 4328 Christi

323 4355 473 4418 fidelibus
501 4357 701 4438 presentibus
728 4365 759 4418 et
784 4357 913 4432 futuris,
943 4355 1029 4436 quod
1051 4362 1114 4418 tres
1139 4374 1267 4417 mausus
1289 4357 1322 4417 in
1343 4353 1456 4418 Meller
1478 4355 1578 4434 sitos,
1602 4355 1639 4418 ed

322 4463 372 4507 me
394 4465 413 4507 a
433 4446 688 4528 progenitoribus
708 4447 788 4509 meis
807 4446 890 4507 iusto
914 4445 1115 4526 proprietatis
1136 4444 1227 4506 titulo
1251 4444 1428 4522 deuolutos
1448 4462 1490 4506 ex
1517 4446 1640 4527 quibus

321 4533 429 4596 Siboto
461 4552 606 4596 mansum
639 4539 670 4596 et
700 4533 883 4610 dimidium,
916 4534 1114 4596 f1utersuus
1140 4531 1298 4596 Iohannes
1326 4539 1357 4596 et
1385 4537 1487 4596 rnuter
1520 4553 1638 4600 eorum
