<?xml version="1.0" encoding="UTF-8"?>
<!DOCTYPE html PUBLIC "-//W3C//DTD XHTML 1.0 Transitional//EN"
    "http://www.w3.org/TR/xhtml1/DTD/xhtml1-transitional.dtd">
<html xmlns="http://www.w3.org/1999/xhtml" xml:lang="en" lang="en">
 <head>
  <title>
</title>
<meta http-equiv="Content-Type" content="text/html;charset=utf-8" />
  <meta name='ocr-system' content='tesseract 3.04.00' />
  <meta name='ocr-capabilities' content='ocr_page ocr_carea ocr_par ocr_line ocrx_word'/>
</head>
<body>
  <div class='ocr_page' id='page_1' title='image "./urkundenbuchdes00pforgoog_0115.png"; bbox 0 0 3410 5146; ppageno 0'>
   <div class='ocr_carea' id='block_1_1' title="bbox 548 373 1391 432">
    <p class='ocr_par' dir='ltr' id='par_1_1' title="bbox 548 373 1391 432">
     <span class='ocr_line' id='line_1_1' title="bbox 548 373 1391 432; baseline -0.002 -4"><span class='ocrx_word' id='word_1_1' title='bbox 548 375 595 431; x_wconf 86' lang='lat' dir='ltr'>Nr.</span> <span class='ocrx_word' id='word_1_2' title='bbox 607 379 641 428; x_wconf 77' lang='grc'>65</span> <span class='ocrx_word' id='word_1_3' title='bbox 650 405 667 412; x_wconf 83' lang='grc'><strong>-</strong></span> <span class='ocrx_word' id='word_1_4' title='bbox 677 379 719 432; x_wconf 78' lang='lat' dir='ltr'>ob.</span> <span class='ocrx_word' id='word_1_5' title='bbox 742 375 921 429; x_wconf 71' lang='lat' dir='ltr'>rtet-laos.</span> <span class='ocrx_word' id='word_1_6' title='bbox 1357 373 1391 426; x_wconf 82' lang='lat'>89</span> 
     </span>
    </p>
   </div>
   <div class='ocr_carea' id='block_1_2' title="bbox 84 523 1391 3638">
    <p class='ocr_par' dir='ltr' id='par_1_2' title="bbox 84 523 1391 3638">
     <span class='ocr_line' id='line_1_2' title="bbox 96 523 1391 610; baseline 0.002 -27"><span class='ocrx_word' id='word_1_7' title='bbox 96 527 231 610; x_wconf 80' lang='lat' dir='ltr'>delegati,</span> <span class='ocrx_word' id='word_1_8' title='bbox 253 527 400 590; x_wconf 88' lang='lat' dir='ltr'>omnibus</span> <span class='ocrx_word' id='word_1_9' title='bbox 422 527 537 590; x_wconf 76' lang='lat' dir='ltr'>Christi</span> <span class='ocrx_word' id='word_1_10' title='bbox 559 526 722 603; x_wconf 86' lang='lat' dir='ltr'>fidelibus,</span> <span class='ocrx_word' id='word_1_11' title='bbox 749 526 787 588; x_wconf 89' lang='lat' dir='ltr'>ad</span> <span class='ocrx_word' id='word_1_12' title='bbox 812 545 892 606; x_wconf 77' lang='lat' dir='ltr'>oriris</span> <span class='ocrx_word' id='word_1_13' title='bbox 914 543 1044 606; x_wconf 82' lang='lat' dir='ltr'>presens</span> <span class='ocrx_word' id='word_1_14' title='bbox 1066 523 1181 606; x_wconf 71' lang='lat' dir='ltr'>pagina</span> <span class='ocrx_word' id='word_1_15' title='bbox 1203 523 1391 604; x_wconf 86' lang='lat' dir='ltr'>pervenerit,</span> 
     </span>
     <span class='ocr_line' id='line_1_3' title="bbox 95 611 1391 698; baseline -0.003 -20"><span class='ocrx_word' id='word_1_16' title='bbox 95 616 220 680; x_wconf 77' lang='lat' dir='ltr'>salutem</span> <span class='ocrx_word' id='word_1_17' title='bbox 235 618 268 678; x_wconf 92' lang='lat' dir='ltr'>in</span> <span class='ocrx_word' id='word_1_18' title='bbox 292 616 402 680; x_wconf 86' lang='lat' dir='ltr'>salutis</span> <span class='ocrx_word' id='word_1_19' title='bbox 423 621 560 681; x_wconf 85' lang='lat' dir='ltr'>anetme.</span> <span class='ocrx_word' id='word_1_20' title='bbox 592 616 742 680; x_wconf 82' lang='lat' dir='ltr'>Volvitur</span> <span class='ocrx_word' id='word_1_21' title='bbox 764 621 889 698; x_wconf 89' lang='lat' dir='ltr'>tempus</span> <span class='ocrx_word' id='word_1_22' title='bbox 910 623 942 678; x_wconf 89' lang='lat' dir='ltr'>et</span> <span class='ocrx_word' id='word_1_23' title='bbox 962 621 1010 676; x_wconf 86' lang='lat' dir='ltr'>est</span> <span class='ocrx_word' id='word_1_24' title='bbox 1031 611 1168 674; x_wconf 87' lang='lat' dir='ltr'>hominis</span> <span class='ocrx_word' id='word_1_25' title='bbox 1192 612 1254 674; x_wconf 85' lang='lat' dir='ltr'>rita</span> <span class='ocrx_word' id='word_1_26' title='bbox 1277 612 1391 684; x_wconf 79' lang='lat' dir='ltr'>brevis,</span> 
     </span>
     <span class='ocr_line' id='line_1_4' title="bbox 93 700 1391 788; baseline -0.004 -21"><span class='ocrx_word' id='word_1_27' title='bbox 93 713 212 788; x_wconf 85' lang='lat' dir='ltr'>propter</span> <span class='ocrx_word' id='word_1_28' title='bbox 238 706 322 787; x_wconf 77' lang='lat' dir='ltr'>qurrd</span> <span class='ocrx_word' id='word_1_29' title='bbox 352 725 402 782; x_wconf 88' lang='lat' dir='ltr'>ea,</span> <span class='ocrx_word' id='word_1_30' title='bbox 433 726 494 787; x_wconf 85' lang='lat' dir='ltr'>qne</span> <span class='ocrx_word' id='word_1_31' title='bbox 521 705 757 768; x_wconf 68' lang='lat' dir='ltr'><strong>racionabiliter</strong></span> <span class='ocrx_word' id='word_1_32' title='bbox 787 723 872 766; x_wconf 81' lang='lat' dir='ltr'>narie</span> <span class='ocrx_word' id='word_1_33' title='bbox 899 709 1051 784; x_wconf 71' lang='lat' dir='ltr'>aguntum</span> <span class='ocrx_word' id='word_1_34' title='bbox 1079 700 1182 764; x_wconf 86' lang='lat' dir='ltr'>subito</span> <span class='ocrx_word' id='word_1_35' title='bbox 1206 701 1391 764; x_wconf 77' lang='lat' dir='ltr'>recederent</span> 
     </span>
     <span class='ocr_line' id='line_1_5' title="bbox 94 790 1389 878; baseline -0.004 -22"><span class='ocrx_word' id='word_1_36' title='bbox 94 801 226 878; x_wconf 74' lang='lat' dir='ltr'>empore</span> <span class='ocrx_word' id='word_1_37' title='bbox 257 795 438 869; x_wconf 88' lang='lat' dir='ltr'>recedente,</span> <span class='ocrx_word' id='word_1_38' title='bbox 471 796 531 858; x_wconf 88' lang='lat' dir='ltr'>nisi</span> <span class='ocrx_word' id='word_1_39' title='bbox 563 795 780 858; x_wconf 87' lang='lat' dir='ltr'>testimouium</span> <span class='ocrx_word' id='word_1_40' title='bbox 814 793 1043 876; x_wconf 89' lang='lat' dir='ltr'>seripturarum</span> <span class='ocrx_word' id='word_1_41' title='bbox 1073 809 1111 854; x_wconf 93' lang='lat' dir='ltr'>ea</span> <span class='ocrx_word' id='word_1_42' title='bbox 1138 791 1323 854; x_wconf 81' lang='lat' dir='ltr'>transferret</span> <span class='ocrx_word' id='word_1_43' title='bbox 1350 790 1389 852; x_wconf 89' lang='lat' dir='ltr'>ad</span> 
     </span>
     <span class='ocr_line' id='line_1_6' title="bbox 94 880 1391 968; baseline -0.004 -24"><span class='ocrx_word' id='word_1_44' title='bbox 94 885 232 948; x_wconf 88' lang='lat' dir='ltr'>noticiam</span> <span class='ocrx_word' id='word_1_45' title='bbox 257 886 445 948; x_wconf 74' lang='lat' dir='ltr'>titanorum.</span> <span class='ocrx_word' id='word_1_46' title='bbox 489 884 535 947; x_wconf 83' lang='lat' dir='ltr'>lla</span> <span class='ocrx_word' id='word_1_47' title='bbox 555 890 684 968; x_wconf 89' lang='lat' dir='ltr'>propter</span> <span class='ocrx_word' id='word_1_48' title='bbox 704 889 814 946; x_wconf 89' lang='lat' dir='ltr'>notum</span> <span class='ocrx_word' id='word_1_49' title='bbox 837 901 906 946; x_wconf 86' lang='lat' dir='ltr'>esse</span> <span class='ocrx_word' id='word_1_50' title='bbox 934 881 1081 944; x_wconf 72' lang='lat' dir='ltr'>rollanus</span> <span class='ocrx_word' id='word_1_51' title='bbox 1104 885 1166 942; x_wconf 84' lang='lat' dir='ltr'>tam</span> <span class='ocrx_word' id='word_1_52' title='bbox 1189 880 1391 963; x_wconf 71' lang='lat' dir='ltr'>presentibus</span> 
     </span>
     <span class='ocr_line' id='line_1_7' title="bbox 94 969 1390 1056; baseline -0.005 -20"><span class='ocrx_word' id='word_1_53' title='bbox 94 993 181 1053; x_wconf 74' lang='lat' dir='ltr'>qnauu</span> <span class='ocrx_word' id='word_1_54' title='bbox 211 975 339 1042; x_wconf 74' lang='lat' dir='ltr'>baliaris,</span> <span class='ocrx_word' id='word_1_55' title='bbox 373 975 458 1056; x_wconf 84' lang='lat' dir='ltr'>qnod</span> <span class='ocrx_word' id='word_1_56' title='bbox 486 976 562 1038; x_wconf 84' lang='lat' dir='ltr'>risis</span> <span class='ocrx_word' id='word_1_57' title='bbox 591 974 766 1056; x_wconf 74' lang='lat' dir='ltr'>privilegiis</span> <span class='ocrx_word' id='word_1_58' title='bbox 791 980 824 1036; x_wconf 90' lang='lat' dir='ltr'>et</span> <span class='ocrx_word' id='word_1_59' title='bbox 852 971 1087 1046; x_wconf 87' lang='lat' dir='ltr'>instrumentis,</span> <span class='ocrx_word' id='word_1_60' title='bbox 1115 971 1186 1033; x_wconf 91' lang='lat' dir='ltr'>aliis</span> <span class='ocrx_word' id='word_1_61' title='bbox 1214 969 1390 1032; x_wconf 87' lang='lat' dir='ltr'>rationibus</span> 
     </span>
     <span class='ocr_line' id='line_1_8' title="bbox 92 1061 1391 1148; baseline -0.002 -24"><span class='ocrx_word' id='word_1_62' title='bbox 92 1065 179 1126; x_wconf 84' lang='lat' dir='ltr'>etiarn</span> <span class='ocrx_word' id='word_1_63' title='bbox 200 1073 231 1128; x_wconf 86' lang='lat' dir='ltr'>el</span> <span class='ocrx_word' id='word_1_64' title='bbox 254 1063 497 1146; x_wconf 75' lang='lat' dir='ltr'>allegationibus</span> <span class='ocrx_word' id='word_1_65' title='bbox 519 1065 688 1148; x_wconf 79' lang='lat' dir='ltr'>diligenter</span> <span class='ocrx_word' id='word_1_66' title='bbox 709 1064 834 1134; x_wconf 83' lang='lat' dir='ltr'>atnlitis,</span> <span class='ocrx_word' id='word_1_67' title='bbox 857 1083 918 1144; x_wconf 83' lang='lat' dir='ltr'>qne</span> <span class='ocrx_word' id='word_1_68' title='bbox 939 1061 1037 1124; x_wconf 84' lang='lat' dir='ltr'>abbas</span> <span class='ocrx_word' id='word_1_69' title='bbox 1049 1061 1213 1124; x_wconf 87' lang='lat' dir='ltr'>l&#39;ortensis</span> <span class='ocrx_word' id='word_1_70' title='bbox 1224 1065 1256 1122; x_wconf 88' lang='lat' dir='ltr'>et</span> <span class='ocrx_word' id='word_1_71' title='bbox 1277 1061 1391 1122; x_wconf 82' lang='lat' dir='ltr'>fratres</span> 
     </span>
     <span class='ocr_line' id='line_1_9' title="bbox 92 1150 1391 1237; baseline 0 -25"><span class='ocrx_word' id='word_1_72' title='bbox 92 1154 132 1216; x_wconf 74' lang='lat' dir='ltr'>sni</span> <span class='ocrx_word' id='word_1_73' title='bbox 155 1174 212 1237; x_wconf 91' lang='lat' dir='ltr'>pro</span> <span class='ocrx_word' id='word_1_74' title='bbox 234 1175 292 1217; x_wconf 89' lang='lat' dir='ltr'>sua</span> <span class='ocrx_word' id='word_1_75' title='bbox 316 1160 402 1237; x_wconf 69' lang='lat' dir='ltr'>{rarle</span> <span class='ocrx_word' id='word_1_76' title='bbox 424 1162 455 1217; x_wconf 85' lang='lat' dir='ltr'>et</span> <span class='ocrx_word' id='word_1_77' title='bbox 478 1155 683 1218; x_wconf 89' lang='lat' dir='ltr'>Hermannus</span> <span class='ocrx_word' id='word_1_78' title='bbox 705 1152 852 1215; x_wconf 83' lang='lat' dir='ltr'>sacerdos</span> <span class='ocrx_word' id='word_1_79' title='bbox 875 1152 914 1214; x_wconf 75' lang='lat' dir='ltr'>ile</span> <span class='ocrx_word' id='word_1_80' title='bbox 936 1150 1147 1213; x_wconf 77' lang='lat' dir='ltr'>Waldeoderl</span> <span class='ocrx_word' id='word_1_81' title='bbox 1169 1157 1204 1212; x_wconf 88' lang='lat' dir='ltr'>et·</span> <span class='ocrx_word' id='word_1_82' title='bbox 1222 1150 1391 1212; x_wconf 84' lang='lat' dir='ltr'>(lunradns</span> 
     </span>
     <span class='ocr_line' id='line_1_10' title="bbox 90 1239 1390 1327; baseline -0.003 -24"><span class='ocrx_word' id='word_1_83' title='bbox 90 1242 182 1306; x_wconf 88' lang='lat' dir='ltr'>abbas</span> <span class='ocrx_word' id='word_1_84' title='bbox 194 1243 455 1324; x_wconf 76' lang='lat' dir='ltr'>mersburgensis,</span> <span class='ocrx_word' id='word_1_85' title='bbox 478 1245 530 1326; x_wconf 78' lang='lat' dir='ltr'>qul</span> <span class='ocrx_word' id='word_1_86' title='bbox 556 1245 654 1327; x_wconf 86' lang='lat' dir='ltr'>ipsius</span> <span class='ocrx_word' id='word_1_87' title='bbox 675 1243 808 1306; x_wconf 66' lang='lat' dir='ltr'>eerslusie</span> <span class='ocrx_word' id='word_1_88' title='bbox 831 1250 878 1304; x_wconf 80' lang='lat' dir='ltr'>est</span> <span class='ocrx_word' id='word_1_89' title='bbox 900 1250 1060 1324; x_wconf 86' lang='lat' dir='ltr'>patronus,</span> <span class='ocrx_word' id='word_1_90' title='bbox 1082 1259 1137 1322; x_wconf 88' lang='lat' dir='ltr'>pro</span> <span class='ocrx_word' id='word_1_91' title='bbox 1160 1259 1217 1302; x_wconf 87' lang='lat' dir='ltr'>sua</span> <span class='ocrx_word' id='word_1_92' title='bbox 1238 1239 1390 1304; x_wconf 82' lang='lat' dir='ltr'>exhibere</span> 
     </span>
     <span class='ocr_line' id='line_1_11' title="bbox 91 1329 1388 1415; baseline 0 -25"><span class='ocrx_word' id='word_1_93' title='bbox 91 1331 133 1394; x_wconf 85' lang='lat' dir='ltr'>vel</span> <span class='ocrx_word' id='word_1_94' title='bbox 155 1351 332 1415; x_wconf 86' lang='lat' dir='ltr'>proponere</span> <span class='ocrx_word' id='word_1_95' title='bbox 354 1339 549 1396; x_wconf 80' lang='lat' dir='ltr'>errrarernnt</span> <span class='ocrx_word' id='word_1_96' title='bbox 569 1353 665 1414; x_wconf 86' lang='lat' dir='ltr'>super</span> <span class='ocrx_word' id='word_1_97' title='bbox 686 1353 781 1396; x_wconf 85' lang='lat' dir='ltr'>cansa</span> <span class='ocrx_word' id='word_1_98' title='bbox 806 1333 1001 1394; x_wconf 83' lang='lat' dir='ltr'>decimarum</span> <span class='ocrx_word' id='word_1_99' title='bbox 1018 1330 1173 1392; x_wconf 91' lang='lat' dir='ltr'>bonorum</span> <span class='ocrx_word' id='word_1_100' title='bbox 1187 1329 1388 1392; x_wconf 88' lang='lat' dir='ltr'>Portensiunr</span> 
     </span>
     <span class='ocr_line' id='line_1_12' title="bbox 90 1418 1391 1503; baseline -0.001 -22"><span class='ocrx_word' id='word_1_101' title='bbox 90 1422 116 1482; x_wconf 92' lang='lat' dir='ltr'>in</span> <span class='ocrx_word' id='word_1_102' title='bbox 139 1420 261 1503; x_wconf 76' lang='lat' dir='ltr'>lepiae,</span> <span class='ocrx_word' id='word_1_103' title='bbox 284 1441 363 1503; x_wconf 83' lang='lat' dir='ltr'>quas</span> <span class='ocrx_word' id='word_1_104' title='bbox 384 1423 489 1485; x_wconf 90' lang='lat' dir='ltr'>dietus</span> <span class='ocrx_word' id='word_1_105' title='bbox 511 1423 609 1485; x_wconf 86' lang='lat' dir='ltr'>abbas</span> <span class='ocrx_word' id='word_1_106' title='bbox 630 1431 661 1485; x_wconf 91' lang='lat' dir='ltr'>et</span> <span class='ocrx_word' id='word_1_107' title='bbox 682 1422 830 1486; x_wconf 79' lang='lat' dir='ltr'>sacerdes</span> <span class='ocrx_word' id='word_1_108' title='bbox 844 1421 883 1482; x_wconf 91' lang='lat' dir='ltr'>ad</span> <span class='ocrx_word' id='word_1_109' title='bbox 907 1439 996 1484; x_wconf 89' lang='lat' dir='ltr'>suam</span> <span class='ocrx_word' id='word_1_110' title='bbox 1015 1419 1225 1483; x_wconf 83' lang='lat' dir='ltr'>ecelesiamin</span> <span class='ocrx_word' id='word_1_111' title='bbox 1240 1418 1391 1482; x_wconf 89' lang='lat' dir='ltr'>Walden·</span> 
     </span>
     <span class='ocr_line' id='line_1_13' title="bbox 89 1509 1390 1589; baseline -0.001 -18"><span class='ocrx_word' id='word_1_112' title='bbox 89 1511 154 1572; x_wconf 79' lang='lat' dir='ltr'>dori</span> <span class='ocrx_word' id='word_1_113' title='bbox 183 1531 256 1574; x_wconf 90' lang='lat' dir='ltr'>cum</span> <span class='ocrx_word' id='word_1_114' title='bbox 286 1514 354 1574; x_wconf 81' lang='lat' dir='ltr'>inre</span> <span class='ocrx_word' id='word_1_115' title='bbox 381 1513 601 1575; x_wconf 69' lang='lat' dir='ltr'>decimationis</span> <span class='ocrx_word' id='word_1_116' title='bbox 630 1519 695 1574; x_wconf 90' lang='lat' dir='ltr'>tum</span> <span class='ocrx_word' id='word_1_117' title='bbox 725 1514 852 1574; x_wconf 85' lang='lat' dir='ltr'>racione</span> <span class='ocrx_word' id='word_1_118' title='bbox 879 1510 1044 1573; x_wconf 89' lang='lat' dir='ltr'>cuiusdam</span> <span class='ocrx_word' id='word_1_119' title='bbox 1069 1509 1305 1585; x_wconf 73' lang='lat' dir='ltr'>transactionis,</span> <span class='ocrx_word' id='word_1_120' title='bbox 1328 1528 1390 1589; x_wconf 85' lang='lat' dir='ltr'>qne</span> 
     </span>
     <span class='ocr_line' id='line_1_14' title="bbox 88 1598 1388 1684; baseline -0.001 -23"><span class='ocrx_word' id='word_1_121' title='bbox 88 1620 139 1682; x_wconf 90' lang='lat' dir='ltr'>pro</span> <span class='ocrx_word' id='word_1_122' title='bbox 169 1600 301 1663; x_wconf 80' lang='lat' dir='ltr'>decimis</span> <span class='ocrx_word' id='word_1_123' title='bbox 328 1602 404 1684; x_wconf 87' lang='lat' dir='ltr'>ipsis</span> <span class='ocrx_word' id='word_1_124' title='bbox 433 1601 507 1664; x_wconf 90' lang='lat' dir='ltr'>olim</span> <span class='ocrx_word' id='word_1_125' title='bbox 530 1603 612 1665; x_wconf 84' lang='lat' dir='ltr'>lacta</span> <span class='ocrx_word' id='word_1_126' title='bbox 633 1603 807 1676; x_wconf 82' lang='lat' dir='ltr'>dicebatur,</span> <span class='ocrx_word' id='word_1_127' title='bbox 828 1602 962 1664; x_wconf 82' lang='lat' dir='ltr'>attinere</span> <span class='ocrx_word' id='word_1_128' title='bbox 984 1598 1146 1676; x_wconf 88' lang='lat' dir='ltr'>dicebaut,</span> <span class='ocrx_word' id='word_1_129' title='bbox 1171 1599 1210 1660; x_wconf 90' lang='lat' dir='ltr'>de</span> <span class='ocrx_word' id='word_1_130' title='bbox 1231 1617 1388 1662; x_wconf 85' lang='lat' dir='ltr'>consensu</span> 
     </span>
     <span class='ocr_line' id='line_1_15' title="bbox 88 1689 1390 1773; baseline -0.001 -24"><span class='ocrx_word' id='word_1_131' title='bbox 88 1691 219 1771; x_wconf 83' lang='lat' dir='ltr'>partium</span> <span class='ocrx_word' id='word_1_132' title='bbox 248 1691 281 1752; x_wconf 96' lang='lat' dir='ltr'>in</span> <span class='ocrx_word' id='word_1_133' title='bbox 316 1692 432 1754; x_wconf 88' lang='lat' dir='ltr'>nostris</span> <span class='ocrx_word' id='word_1_134' title='bbox 464 1692 611 1754; x_wconf 90' lang='lat' dir='ltr'>manibus</span> <span class='ocrx_word' id='word_1_135' title='bbox 642 1694 801 1773; x_wconf 85' lang='lat' dir='ltr'>utrimque</span> <span class='ocrx_word' id='word_1_136' title='bbox 834 1692 898 1754; x_wconf 85' lang='lat' dir='ltr'>lide</span> <span class='ocrx_word' id='word_1_137' title='bbox 933 1690 1073 1772; x_wconf 85' lang='lat' dir='ltr'>prestita,</span> <span class='ocrx_word' id='word_1_138' title='bbox 1107 1689 1191 1769; x_wconf 84' lang='lat' dir='ltr'>qrrod</span> <span class='ocrx_word' id='word_1_139' title='bbox 1221 1709 1317 1771; x_wconf 89' lang='lat' dir='ltr'>super</span> <span class='ocrx_word' id='word_1_140' title='bbox 1342 1689 1390 1752; x_wconf 88' lang='lat' dir='ltr'>bis</span> 
     </span>
     <span class='ocr_line' id='line_1_16' title="bbox 88 1777 1389 1856; baseline -0.001 -15"><span class='ocrx_word' id='word_1_141' title='bbox 88 1779 233 1842; x_wconf 86' lang='lat' dir='ltr'>omnibus</span> <span class='ocrx_word' id='word_1_142' title='bbox 257 1788 364 1844; x_wconf 86' lang='lat' dir='ltr'>nostro</span> <span class='ocrx_word' id='word_1_143' title='bbox 387 1787 507 1844; x_wconf 89' lang='lat' dir='ltr'>starent</span> <span class='ocrx_word' id='word_1_144' title='bbox 528 1782 666 1856; x_wconf 86' lang='lat' dir='ltr'>arbitrio,</span> <span class='ocrx_word' id='word_1_145' title='bbox 689 1783 793 1844; x_wconf 82' lang='lat' dir='ltr'>taliter</span> <span class='ocrx_word' id='word_1_146' title='bbox 808 1783 927 1843; x_wconf 86' lang='lat' dir='ltr'>luimus</span> <span class='ocrx_word' id='word_1_147' title='bbox 945 1779 1103 1842; x_wconf 90' lang='lat' dir='ltr'>arbitrati:</span> <span class='ocrx_word' id='word_1_148' title='bbox 1129 1777 1389 1842; x_wconf 77' lang='lat' dir='ltr'>videlieetabsol·</span> 
     </span>
     <span class='ocr_line' id='line_1_17' title="bbox 88 1869 1387 1952; baseline 0.002 -23"><span class='ocrx_word' id='word_1_149' title='bbox 88 1870 189 1932; x_wconf 78' lang='lat' dir='ltr'>vimus</span> <span class='ocrx_word' id='word_1_150' title='bbox 211 1869 356 1932; x_wconf 84' lang='lat' dir='ltr'>abbatem</span> <span class='ocrx_word' id='word_1_151' title='bbox 373 1871 557 1934; x_wconf 89' lang='lat' dir='ltr'>Pertensem</span> <span class='ocrx_word' id='word_1_152' title='bbox 582 1879 613 1934; x_wconf 91' lang='lat' dir='ltr'>et</span> <span class='ocrx_word' id='word_1_153' title='bbox 635 1891 724 1934; x_wconf 88' lang='lat' dir='ltr'>snam</span> <span class='ocrx_word' id='word_1_154' title='bbox 745 1871 913 1934; x_wconf 86' lang='lat' dir='ltr'>eeclesiam</span> <span class='ocrx_word' id='word_1_155' title='bbox 936 1869 974 1931; x_wconf 86' lang='lat' dir='ltr'>ab</span> <span class='ocrx_word' id='word_1_156' title='bbox 987 1869 1178 1952; x_wconf 84' lang='lat' dir='ltr'>inpeticione</span> <span class='ocrx_word' id='word_1_157' title='bbox 1194 1869 1387 1932; x_wconf 86' lang='lat' dir='ltr'>deeimarum</span> 
     </span>
     <span class='ocr_line' id='line_1_18' title="bbox 87 1958 1389 2042; baseline 0.002 -22"><span class='ocrx_word' id='word_1_158' title='bbox 87 1959 240 2022; x_wconf 88' lang='lat' dir='ltr'>dictorum</span> <span class='ocrx_word' id='word_1_159' title='bbox 253 1959 418 2036; x_wconf 88' lang='lat' dir='ltr'>bonomm,</span> <span class='ocrx_word' id='word_1_160' title='bbox 439 1979 500 2042; x_wconf 88' lang='lat' dir='ltr'>qne</span> <span class='ocrx_word' id='word_1_161' title='bbox 514 1981 533 2022; x_wconf 91' lang='lat' dir='ltr'>a</span> <span class='ocrx_word' id='word_1_162' title='bbox 548 1961 631 2024; x_wconf 88' lang='lat' dir='ltr'>dieto</span> <span class='ocrx_word' id='word_1_163' title='bbox 645 1962 683 2024; x_wconf 92' lang='grc' dir='ltr'>Η.</span> <span class='ocrx_word' id='word_1_164' title='bbox 695 1961 858 2024; x_wconf 83' lang='lat' dir='ltr'>sacerdote</span> <span class='ocrx_word' id='word_1_165' title='bbox 881 1960 1069 2042; x_wconf 81' lang='lat' dir='ltr'>petebantur</span> <span class='ocrx_word' id='word_1_166' title='bbox 1091 1958 1142 2021; x_wconf 83' lang='lat' dir='ltr'>vel</span> <span class='ocrx_word' id='word_1_167' title='bbox 1161 1959 1229 2022; x_wconf 90' lang='lat' dir='ltr'>iure</span> <span class='ocrx_word' id='word_1_168' title='bbox 1251 1959 1389 2022; x_wconf 86' lang='lat' dir='ltr'>decima·</span> 
     </span>
     <span class='ocr_line' id='line_1_19' title="bbox 87 2047 1389 2132; baseline 0.001 -24"><span class='ocrx_word' id='word_1_169' title='bbox 87 2047 182 2110; x_wconf 79' lang='lat' dir='ltr'>denis</span> <span class='ocrx_word' id='word_1_170' title='bbox 214 2047 261 2110; x_wconf 88' lang='lat' dir='ltr'>rel</span> <span class='ocrx_word' id='word_1_171' title='bbox 293 2048 376 2117; x_wconf 79' lang='lat' dir='ltr'>iure.</span> <span class='ocrx_word' id='word_1_172' title='bbox 409 2050 492 2112; x_wconf 89' lang='lat' dir='ltr'>sicut</span> <span class='ocrx_word' id='word_1_173' title='bbox 524 2051 590 2132; x_wconf 82' lang='lat' dir='ltr'>ipse</span> <span class='ocrx_word' id='word_1_174' title='bbox 622 2051 796 2119; x_wconf 79' lang='lat' dir='ltr'>asserebat,</span> <span class='ocrx_word' id='word_1_175' title='bbox 826 2049 1061 2114; x_wconf 82' lang='lat' dir='ltr'>transactionis.</span> <span class='ocrx_word' id='word_1_176' title='bbox 1088 2055 1118 2110; x_wconf 88' lang='lat' dir='ltr'>et</span> <span class='ocrx_word' id='word_1_177' title='bbox 1146 2048 1233 2110; x_wconf 81' lang='lat' dir='ltr'>salvo</span> <span class='ocrx_word' id='word_1_178' title='bbox 1260 2049 1330 2112; x_wconf 90' lang='lat' dir='ltr'>inre</span> <span class='ocrx_word' id='word_1_179' title='bbox 1358 2057 1389 2112; x_wconf 88' lang='lat' dir='ltr'>et</span> 
     </span>
     <span class='ocr_line' id='line_1_20' title="bbox 87 2137 1389 2223; baseline 0.003 -26"><span class='ocrx_word' id='word_1_180' title='bbox 87 2142 193 2200; x_wconf 89' lang='lat' dir='ltr'>tenore</span> <span class='ocrx_word' id='word_1_181' title='bbox 217 2137 464 2220; x_wconf 80' lang='lat' dir='ltr'>privilegiorum,</span> <span class='ocrx_word' id='word_1_182' title='bbox 487 2159 548 2220; x_wconf 88' lang='lat' dir='ltr'>que</span> <span class='ocrx_word' id='word_1_183' title='bbox 570 2141 743 2223; x_wconf 86' lang='lat' dir='ltr'>apostoliea</span> <span class='ocrx_word' id='word_1_184' title='bbox 765 2140 856 2203; x_wconf 87' lang='lat' dir='ltr'>sedes</span> <span class='ocrx_word' id='word_1_185' title='bbox 874 2138 1007 2202; x_wconf 83' lang='lat' dir='ltr'>indulsit</span> <span class='ocrx_word' id='word_1_186' title='bbox 1020 2139 1149 2213; x_wconf 86' lang='lat' dir='ltr'>eisdem,</span> <span class='ocrx_word' id='word_1_187' title='bbox 1172 2139 1389 2202; x_wconf 85' lang='lat' dir='ltr'>misericordia</span> 
     </span>
     <span class='ocr_line' id='line_1_21' title="bbox 88 2227 1389 2312; baseline 0.001 -23"><span class='ocrx_word' id='word_1_188' title='bbox 88 2227 157 2289; x_wconf 89' lang='lat' dir='ltr'>moti</span> <span class='ocrx_word' id='word_1_189' title='bbox 189 2246 283 2309; x_wconf 86' lang='lat' dir='ltr'>super</span> <span class='ocrx_word' id='word_1_190' title='bbox 310 2235 494 2312; x_wconf 85' lang='lat' dir='ltr'>paupertate</span> <span class='ocrx_word' id='word_1_191' title='bbox 525 2230 586 2292; x_wconf 91' lang='lat' dir='ltr'>loci</span> <span class='ocrx_word' id='word_1_192' title='bbox 616 2239 647 2294; x_wconf 91' lang='lat' dir='ltr'>et</span> <span class='ocrx_word' id='word_1_193' title='bbox 674 2230 837 2294; x_wconf 83' lang='lat' dir='ltr'>laboribus</span> <span class='ocrx_word' id='word_1_194' title='bbox 858 2235 889 2292; x_wconf 89' lang='lat' dir='ltr'>et</span> <span class='ocrx_word' id='word_1_195' title='bbox 910 2229 1060 2310; x_wconf 83' lang='lat' dir='ltr'>expensis</span> <span class='ocrx_word' id='word_1_196' title='bbox 1080 2230 1193 2310; x_wconf 87' lang='lat' dir='ltr'>prelati</span> <span class='ocrx_word' id='word_1_197' title='bbox 1217 2228 1389 2292; x_wconf 89' lang='lat' dir='ltr'>sacerdotis</span> 
     </span>
     <span class='ocr_line' id='line_1_22' title="bbox 87 2316 1388 2400; baseline 0.003 -24"><span class='ocrx_word' id='word_1_198' title='bbox 87 2316 265 2380; x_wconf 91' lang='lat' dir='ltr'>arbitrando</span> <span class='ocrx_word' id='word_1_199' title='bbox 294 2317 461 2391; x_wconf 84' lang='lat' dir='ltr'>duximus,</span> <span class='ocrx_word' id='word_1_200' title='bbox 491 2320 576 2400; x_wconf 85' lang='lat' dir='ltr'>qued</span> <span class='ocrx_word' id='word_1_201' title='bbox 599 2320 768 2384; x_wconf 86' lang='lat' dir='ltr'>Portenses</span> <span class='ocrx_word' id='word_1_202' title='bbox 797 2319 909 2382; x_wconf 89' lang='lat' dir='ltr'>darent</span> <span class='ocrx_word' id='word_1_203' title='bbox 931 2325 995 2382; x_wconf 86' lang='lat' dir='ltr'>tres</span> <span class='ocrx_word' id='word_1_204' title='bbox 1017 2337 1139 2381; x_wconf 88' lang='lat' dir='ltr'>mareas</span> <span class='ocrx_word' id='word_1_205' title='bbox 1161 2319 1284 2400; x_wconf 82' lang='lat' dir='ltr'>argenti</span> <span class='ocrx_word' id='word_1_206' title='bbox 1304 2317 1388 2380; x_wconf 91' lang='lat' dir='ltr'>dieto</span> 
     </span>
     <span class='ocr_line' id='line_1_23' title="bbox 87 2407 1388 2493; baseline 0.002 -26"><span class='ocrx_word' id='word_1_207' title='bbox 87 2407 237 2470; x_wconf 85' lang='lat' dir='ltr'>sacerdoti</span> <span class='ocrx_word' id='word_1_208' title='bbox 270 2415 302 2472; x_wconf 90' lang='lat' dir='ltr'>et</span> <span class='ocrx_word' id='word_1_209' title='bbox 334 2409 444 2474; x_wconf 87' lang='lat' dir='ltr'>decem</span> <span class='ocrx_word' id='word_1_210' title='bbox 476 2431 597 2474; x_wconf 85' lang='lat' dir='ltr'>marcas</span> <span class='ocrx_word' id='word_1_211' title='bbox 626 2412 665 2474; x_wconf 90' lang='lat' dir='ltr'>ad</span> <span class='ocrx_word' id='word_1_212' title='bbox 699 2410 919 2493; x_wconf 86' lang='lat' dir='ltr'>conparandos</span> <span class='ocrx_word' id='word_1_213' title='bbox 949 2408 1073 2490; x_wconf 84' lang='lat' dir='ltr'>aliquos</span> <span class='ocrx_word' id='word_1_214' title='bbox 1104 2409 1224 2472; x_wconf 89' lang='lat' dir='ltr'>reditus</span> <span class='ocrx_word' id='word_1_215' title='bbox 1255 2408 1388 2472; x_wconf 83' lang='lat' dir='ltr'>ecclesie</span> 
     </span>
     <span class='ocr_line' id='line_1_24' title="bbox 87 2497 1389 2583; baseline 0.004 -26"><span class='ocrx_word' id='word_1_216' title='bbox 87 2515 179 2578; x_wconf 88' lang='lat' dir='ltr'>supra</span> <span class='ocrx_word' id='word_1_217' title='bbox 201 2497 283 2560; x_wconf 88' lang='lat' dir='ltr'>dicte</span> <span class='ocrx_word' id='word_1_218' title='bbox 304 2499 338 2560; x_wconf 92' lang='lat' dir='ltr'>iu</span> <span class='ocrx_word' id='word_1_219' title='bbox 361 2498 586 2583; x_wconf 88' lang='lat' dir='ltr'>Waldendorp.</span> <span class='ocrx_word' id='word_1_220' title='bbox 629 2500 708 2563; x_wconf 88' lang='lat' dir='ltr'>Cum</span> <span class='ocrx_word' id='word_1_221' title='bbox 738 2501 836 2582; x_wconf 81' lang='lat' dir='ltr'>igitur</span> <span class='ocrx_word' id='word_1_222' title='bbox 859 2499 897 2562; x_wconf 90' lang='lat' dir='ltr'>de</span> <span class='ocrx_word' id='word_1_223' title='bbox 917 2517 1076 2561; x_wconf 87' lang='lat' dir='ltr'>censensu</span> <span class='ocrx_word' id='word_1_224' title='bbox 1098 2499 1233 2582; x_wconf 87' lang='lat' dir='ltr'>partium</span> <span class='ocrx_word' id='word_1_225' title='bbox 1258 2497 1389 2562; x_wconf 91' lang='lat' dir='ltr'>anobis</span> 
     </span>
     <span class='ocr_line' id='line_1_25' title="bbox 87 2585 1389 2672; baseline 0.003 -26"><span class='ocrx_word' id='word_1_226' title='bbox 87 2585 143 2648; x_wconf 88' lang='lat' dir='ltr'>hee</span> <span class='ocrx_word' id='word_1_227' title='bbox 166 2586 331 2650; x_wconf 89' lang='lat' dir='ltr'>arbitrium</span> <span class='ocrx_word' id='word_1_228' title='bbox 354 2589 394 2650; x_wconf 90' lang='lat' dir='ltr'>sit</span> <span class='ocrx_word' id='word_1_229' title='bbox 412 2589 583 2672; x_wconf 86' lang='lat' dir='ltr'>prolatum,</span> <span class='ocrx_word' id='word_1_230' title='bbox 604 2591 799 2664; x_wconf 82' lang='lat' dir='ltr'>anctoritate,</span> <span class='ocrx_word' id='word_1_231' title='bbox 822 2609 886 2670; x_wconf 87' lang='lat' dir='ltr'>qna</span> <span class='ocrx_word' id='word_1_232' title='bbox 904 2588 1077 2669; x_wconf 80' lang='lat' dir='ltr'>fungimur,</span> <span class='ocrx_word' id='word_1_233' title='bbox 1099 2587 1157 2650; x_wconf 90' lang='lat' dir='ltr'>sub</span> <span class='ocrx_word' id='word_1_234' title='bbox 1179 2587 1389 2651; x_wconf 86' lang='lat' dir='ltr'>anathematis</span> 
     </span>
     <span class='ocr_line' id='line_1_26' title="bbox 86 2675 1389 2759; baseline 0.005 -25"><span class='ocrx_word' id='word_1_235' title='bbox 86 2675 339 2740; x_wconf 86' lang='lat' dir='ltr'>interminatione</span> <span class='ocrx_word' id='word_1_236' title='bbox 361 2679 535 2742; x_wconf 88' lang='lat' dir='ltr'>districtius</span> <span class='ocrx_word' id='word_1_237' title='bbox 556 2678 745 2748; x_wconf 82' lang='lat' dir='ltr'>inhibemus,</span> <span class='ocrx_word' id='word_1_238' title='bbox 769 2698 808 2742; x_wconf 86' lang='lat' dir='ltr'>ne</span> <span class='ocrx_word' id='word_1_239' title='bbox 831 2679 903 2759; x_wconf 86' lang='lat' dir='ltr'>quis</span> <span class='ocrx_word' id='word_1_240' title='bbox 925 2684 1035 2740; x_wconf 82' lang='lat' dir='ltr'>contra</span> <span class='ocrx_word' id='word_1_241' title='bbox 1056 2677 1116 2740; x_wconf 89' lang='lat' dir='ltr'>boc</span> <span class='ocrx_word' id='word_1_242' title='bbox 1138 2683 1282 2740; x_wconf 91' lang='lat' dir='ltr'>nostrum</span> <span class='ocrx_word' id='word_1_243' title='bbox 1306 2677 1389 2740; x_wconf 89' lang='lat' dir='ltr'>arbi·</span> 
     </span>
     <span class='ocr_line' id='line_1_27' title="bbox 86 2765 1389 2850; baseline 0.002 -25"><span class='ocrx_word' id='word_1_244' title='bbox 86 2765 179 2826; x_wconf 88' lang='lat' dir='ltr'>trium</span> <span class='ocrx_word' id='word_1_245' title='bbox 199 2765 320 2847; x_wconf 83' lang='lat' dir='ltr'>aliquid</span> <span class='ocrx_word' id='word_1_246' title='bbox 341 2787 421 2830; x_wconf 88' lang='lat' dir='ltr'>ansa</span> <span class='ocrx_word' id='word_1_247' title='bbox 442 2769 610 2832; x_wconf 85' lang='lat' dir='ltr'>temerario</span> <span class='ocrx_word' id='word_1_248' title='bbox 632 2768 748 2832; x_wconf 89' lang='lat' dir='ltr'>audeat</span> <span class='ocrx_word' id='word_1_249' title='bbox 766 2773 968 2850; x_wconf 74' lang='lat' dir='ltr'>attemptare,</span> <span class='ocrx_word' id='word_1_250' title='bbox 997 2773 1185 2844; x_wconf 78' lang='lat' dir='ltr'>statuentes,</span> <span class='ocrx_word' id='word_1_251' title='bbox 1207 2766 1307 2848; x_wconf 84' lang='lat' dir='ltr'>qued,</span> <span class='ocrx_word' id='word_1_252' title='bbox 1333 2768 1389 2848; x_wconf 93' lang='lat' dir='ltr'>qni</span> 
     </span>
     <span class='ocr_line' id='line_1_28' title="bbox 85 2855 1387 2941; baseline 0.005 -30"><span class='ocrx_word' id='word_1_253' title='bbox 85 2859 194 2916; x_wconf 76' lang='lat' dir='ltr'>oontm</span> <span class='ocrx_word' id='word_1_254' title='bbox 217 2855 278 2919; x_wconf 91' lang='lat' dir='ltr'>hoe</span> <span class='ocrx_word' id='word_1_255' title='bbox 306 2856 411 2920; x_wconf 85' lang='lat' dir='ltr'>faeere</span> <span class='ocrx_word' id='word_1_256' title='bbox 437 2855 665 2941; x_wconf 81' lang='lat' dir='ltr'>presumpserit</span> <span class='ocrx_word' id='word_1_257' title='bbox 686 2858 751 2920; x_wconf 92' lang='lat' dir='ltr'>ullo</span> <span class='ocrx_word' id='word_1_258' title='bbox 774 2858 882 2932; x_wconf 84' lang='lat' dir='ltr'>inodo,</span> <span class='ocrx_word' id='word_1_259' title='bbox 902 2858 970 2920; x_wconf 89' lang='lat' dir='ltr'>sine</span> <span class='ocrx_word' id='word_1_260' title='bbox 993 2857 1232 2937; x_wconf 85' lang='lat' dir='ltr'>recuperatione</span> <span class='ocrx_word' id='word_1_261' title='bbox 1254 2856 1347 2920; x_wconf 86' lang='lat' dir='ltr'>eadat</span> <span class='ocrx_word' id='word_1_262' title='bbox 1370 2875 1387 2918; x_wconf 91' lang='lat' dir='ltr'>a</span> 
     </span>
     <span class='ocr_line' id='line_1_29' title="bbox 86 2944 1388 3028; baseline 0.003 -24"><span class='ocrx_word' id='word_1_263' title='bbox 86 2961 189 3006; x_wconf 89' lang='lat' dir='ltr'>cansa.</span> <span class='ocrx_word' id='word_1_264' title='bbox 227 2944 337 3008; x_wconf 86' lang='lat' dir='ltr'>Testes</span> <span class='ocrx_word' id='word_1_265' title='bbox 358 2946 453 3010; x_wconf 88' lang='lat' dir='ltr'>huius</span> <span class='ocrx_word' id='word_1_266' title='bbox 474 2947 521 3010; x_wconf 90' lang='lat' dir='ltr'>rei</span> <span class='ocrx_word' id='word_1_267' title='bbox 543 2953 618 3010; x_wconf 87' lang='lat' dir='ltr'>sunt</span> <span class='ocrx_word' id='word_1_268' title='bbox 639 2946 800 3010; x_wconf 88' lang='lat' dir='ltr'>Walterns</span> <span class='ocrx_word' id='word_1_269' title='bbox 821 2947 924 3008; x_wconf 87' lang='lat' dir='ltr'>maior</span> <span class='ocrx_word' id='word_1_270' title='bbox 944 2946 1137 3028; x_wconf 85' lang='lat' dir='ltr'>prepositus,</span> <span class='ocrx_word' id='word_1_271' title='bbox 1160 2944 1297 3009; x_wconf 79' lang='lat' dir='ltr'>Siliidus</span> <span class='ocrx_word' id='word_1_272' title='bbox 1318 2963 1388 3028; x_wconf 86' lang='lat' dir='ltr'>pre-</span> 
     </span>
     <span class='ocr_line' id='line_1_30' title="bbox 84 3033 1387 3118; baseline 0.003 -24"><span class='ocrx_word' id='word_1_273' title='bbox 84 3033 203 3112; x_wconf 91' lang='lat' dir='ltr'>positus</span> <span class='ocrx_word' id='word_1_274' title='bbox 224 3036 327 3097; x_wconf 89' lang='lat' dir='ltr'>sancti</span> <span class='ocrx_word' id='word_1_275' title='bbox 349 3033 535 3114; x_wconf 87' lang='lat' dir='ltr'>Sebastiani,</span> <span class='ocrx_word' id='word_1_276' title='bbox 555 3037 752 3100; x_wconf 87' lang='lat' dir='ltr'>Wernherus</span> <span class='ocrx_word' id='word_1_277' title='bbox 774 3037 813 3099; x_wconf 88' lang='lat' dir='ltr'>de</span> <span class='ocrx_word' id='word_1_278' title='bbox 836 3034 1050 3103; x_wconf 78' lang='lat' dir='ltr'>Scenewalde,</span> <span class='ocrx_word' id='word_1_279' title='bbox 1075 3036 1225 3118; x_wconf 76' lang='lat' dir='ltr'>magister</span> <span class='ocrx_word' id='word_1_280' title='bbox 1245 3034 1387 3098; x_wconf 84' lang='lat' dir='ltr'>Geman-</span> 
     </span>
     <span class='ocr_line' id='line_1_31' title="bbox 86 3121 1387 3209; baseline 0.004 -27"><span class='ocrx_word' id='word_1_281' title='bbox 86 3121 144 3184; x_wconf 90' lang='lat' dir='ltr'>dus</span> <span class='ocrx_word' id='word_1_282' title='bbox 172 3125 315 3188; x_wconf 84' lang='lat' dir='ltr'>canonici</span> <span class='ocrx_word' id='word_1_283' title='bbox 341 3126 470 3189; x_wconf 88' lang='lat' dir='ltr'>maioris</span> <span class='ocrx_word' id='word_1_284' title='bbox 500 3126 633 3190; x_wconf 87' lang='lat' dir='ltr'>ecclesie</span> <span class='ocrx_word' id='word_1_285' title='bbox 654 3125 953 3209; x_wconf 81' lang='lat' dir='ltr'>Magdeburgensis,</span> <span class='ocrx_word' id='word_1_286' title='bbox 979 3124 1186 3187; x_wconf 87' lang='lat' dir='ltr'>Bernhardus</span> <span class='ocrx_word' id='word_1_287' title='bbox 1208 3127 1387 3208; x_wconf 87' lang='lat' dir='ltr'>prepositus</span> 
     </span>
     <span class='ocr_line' id='line_1_32' title="bbox 85 3211 1388 3297; baseline 0.002 -23"><span class='ocrx_word' id='word_1_288' title='bbox 85 3211 331 3278; x_wconf 83' lang='lat' dir='ltr'>etBernbardns</span> <span class='ocrx_word' id='word_1_289' title='bbox 352 3216 439 3297; x_wconf 89' lang='lat' dir='ltr'>prior</span> <span class='ocrx_word' id='word_1_290' title='bbox 459 3216 491 3277; x_wconf 91' lang='lat' dir='ltr'>in</span> <span class='ocrx_word' id='word_1_291' title='bbox 515 3215 622 3278; x_wconf 83' lang='lat' dir='ltr'>Gratia</span> <span class='ocrx_word' id='word_1_292' title='bbox 646 3217 697 3278; x_wconf 89' lang='lat' dir='ltr'>dei</span> <span class='ocrx_word' id='word_1_293' title='bbox 718 3224 750 3278; x_wconf 91' lang='lat' dir='ltr'>et</span> <span class='ocrx_word' id='word_1_294' title='bbox 770 3217 920 3297; x_wconf 81' lang='lat' dir='ltr'>niagister</span> <span class='ocrx_word' id='word_1_295' title='bbox 934 3213 1053 3276; x_wconf 86' lang='lat' dir='ltr'>Wizcio</span> <span class='ocrx_word' id='word_1_296' title='bbox 1076 3213 1262 3277; x_wconf 85' lang='lat' dir='ltr'>scolasticus</span> <span class='ocrx_word' id='word_1_297' title='bbox 1278 3213 1308 3278; x_wconf 85' lang='lat' dir='ltr'>N</span> <span class='ocrx_word' id='word_1_298' title='bbox 1312 3234 1388 3278; x_wconf 87' lang='lat' dir='ltr'>uen-</span> 
     </span>
     <span class='ocr_line' id='line_1_33' title="bbox 84 3299 1386 3388; baseline 0.004 -27"><span class='ocrx_word' id='word_1_299' title='bbox 84 3299 249 3382; x_wconf 86' lang='lat' dir='ltr'>burgensis</span> <span class='ocrx_word' id='word_1_300' title='bbox 274 3313 307 3366; x_wconf 89' lang='lat' dir='ltr'>et</span> <span class='ocrx_word' id='word_1_301' title='bbox 337 3303 390 3366; x_wconf 89' lang='lat' dir='ltr'>alii</span> <span class='ocrx_word' id='word_1_302' title='bbox 415 3323 510 3386; x_wconf 90' lang='lat' dir='ltr'>quam</span> <span class='ocrx_word' id='word_1_303' title='bbox 536 3305 652 3388; x_wconf 91' lang='lat' dir='ltr'>plures.</span> <span class='ocrx_word' id='word_1_304' title='bbox 699 3307 782 3368; x_wconf 85' lang='lat' dir='ltr'>Aeta</span> <span class='ocrx_word' id='word_1_305' title='bbox 807 3311 881 3369; x_wconf 92' lang='lat' dir='ltr'>sunt</span> <span class='ocrx_word' id='word_1_306' title='bbox 907 3305 965 3366; x_wconf 91' lang='lat' dir='ltr'>hee</span> <span class='ocrx_word' id='word_1_307' title='bbox 991 3321 1075 3366; x_wconf 90' lang='lat' dir='ltr'>anne</span> <span class='ocrx_word' id='word_1_308' title='bbox 1102 3303 1141 3366; x_wconf 91' lang='lat' dir='ltr'>ab</span> <span class='ocrx_word' id='word_1_309' title='bbox 1168 3304 1386 3366; x_wconf 85' lang='lat' dir='ltr'>incarnatione</span> 
     </span>
     <span class='ocr_line' id='line_1_34' title="bbox 85 3387 1387 3475; baseline 0.004 -25"><span class='ocrx_word' id='word_1_310' title='bbox 85 3387 202 3452; x_wconf 90' lang='lat' dir='ltr'>domini</span> <span class='ocrx_word' id='word_1_311' title='bbox 238 3399 464 3470; x_wconf 72' lang='lat' dir='ltr'>M⁰CC⁰Vffl⁰,</span> <span class='ocrx_word' id='word_1_312' title='bbox 503 3393 676 3458; x_wconf 89' lang='lat' dir='ltr'>indictione</span> <span class='ocrx_word' id='word_1_313' title='bbox 715 3403 794 3458; x_wconf 84' lang='grc' dir='ltr'>ΧΠ·.</span> <span class='ocrx_word' id='word_1_314' title='bbox 844 3392 913 3475; x_wconf 80' lang='lat' dir='ltr'>Ege</span> <span class='ocrx_word' id='word_1_315' title='bbox 947 3392 1115 3458; x_wconf 90' lang='lat' dir='ltr'>Cnuradus</span> <span class='ocrx_word' id='word_1_316' title='bbox 1153 3392 1251 3458; x_wconf 87' lang='lat' dir='ltr'>abbas</span> <span class='ocrx_word' id='word_1_317' title='bbox 1287 3392 1387 3457; x_wconf 85' lang='lat' dir='ltr'>Mers-</span> 
     </span>
     <span class='ocr_line' id='line_1_35' title="bbox 85 3476 1387 3566; baseline 0.005 -27"><span class='ocrx_word' id='word_1_318' title='bbox 85 3476 250 3560; x_wconf 86' lang='lat' dir='ltr'>burgensis</span> <span class='ocrx_word' id='word_1_319' title='bbox 288 3481 328 3543; x_wconf 88' lang='lat' dir='ltr'>ad</span> <span class='ocrx_word' id='word_1_320' title='bbox 364 3481 445 3545; x_wconf 90' lang='lat' dir='ltr'>hane</span> <span class='ocrx_word' id='word_1_321' title='bbox 472 3485 620 3566; x_wconf 84' lang='lat' dir='ltr'>paginam</span> <span class='ocrx_word' id='word_1_322' title='bbox 649 3503 756 3547; x_wconf 90' lang='lat' dir='ltr'>meum</span> <span class='ocrx_word' id='word_1_323' title='bbox 786 3482 924 3566; x_wconf 83' lang='lat' dir='ltr'>sigillum</span> <span class='ocrx_word' id='word_1_324' title='bbox 953 3501 1076 3566; x_wconf 87' lang='lat' dir='ltr'>appono</span> <span class='ocrx_word' id='word_1_325' title='bbox 1102 3484 1133 3546; x_wconf 94' lang='lat' dir='ltr'>in</span> <span class='ocrx_word' id='word_1_326' title='bbox 1162 3483 1387 3553; x_wconf 78' lang='lat' dir='ltr'>testimoninm,</span> 
     </span>
     <span class='ocr_line' id='line_1_36' title="bbox 85 3569 1164 3638; baseline 0.006 -10"><span class='ocrx_word' id='word_1_327' title='bbox 85 3573 118 3629; x_wconf 90' lang='lat' dir='ltr'>ut</span> <span class='ocrx_word' id='word_1_328' title='bbox 141 3569 256 3633; x_wconf 87' lang='lat' dir='ltr'>sciatur</span> <span class='ocrx_word' id='word_1_329' title='bbox 277 3570 316 3634; x_wconf 91' lang='lat' dir='ltr'>de</span> <span class='ocrx_word' id='word_1_330' title='bbox 339 3571 501 3636; x_wconf 86' lang='lat' dir='ltr'>voluntate</span> <span class='ocrx_word' id='word_1_331' title='bbox 523 3579 632 3636; x_wconf 88' lang='lat' dir='ltr'>nestra</span> <span class='ocrx_word' id='word_1_332' title='bbox 652 3573 736 3638; x_wconf 89' lang='lat' dir='ltr'>istud</span> <span class='ocrx_word' id='word_1_333' title='bbox 759 3571 924 3635; x_wconf 90' lang='lat' dir='ltr'>arbitrium</span> <span class='ocrx_word' id='word_1_334' title='bbox 945 3573 1063 3636; x_wconf 84' lang='lat' dir='ltr'>facttrm</span> <span class='ocrx_word' id='word_1_335' title='bbox 1086 3593 1164 3637; x_wconf 89' lang='lat' dir='ltr'>esse.</span> 
     </span>
    </p>
   </div>
   <div class='ocr_carea' id='block_1_3' title="bbox 85 3895 1384 4003">
    <p class='ocr_par' dir='ltr' id='par_1_3' title="bbox 85 3895 1384 4003">
     <span class='ocr_line' id='line_1_37' title="bbox 85 3895 1384 4003; baseline 0.005 -26"><span class='ocrx_word' id='word_1_336' title='bbox 85 3895 391 3997; x_wconf 70' lang='lat' dir='ltr'>[rane-aaa</span> <span class='ocrx_word' id='word_1_337' title='bbox 419 3899 556 4003; x_wconf 74' lang='lat' dir='ltr'>acor]</span> <span class='ocrx_word' id='word_1_338' title='bbox 1317 3904 1384 3986; x_wconf 86' lang='lat' dir='ltr'>ss.</span> 
     </span>
    </p>
   </div>
   <div class='ocr_carea' id='block_1_4' title="bbox 124 4033 1386 4296">
    <p class='ocr_par' dir='ltr' id='par_1_4' title="bbox 124 4033 1386 4296">
     <span class='ocr_line' id='line_1_38' title="bbox 167 4033 1386 4119; baseline 0.003 -23"><span class='ocrx_word' id='word_1_339' title='bbox 167 4033 299 4117; x_wconf 72' lang='lat' dir='ltr'>Bisaltas</span> <span class='ocrx_word' id='word_1_340' title='bbox 321 4034 436 4099; x_wconf 76' lang='lat' dir='ltr'>Bmue</span> <span class='ocrx_word' id='word_1_341' title='bbox 456 4035 501 4098; x_wconf 92' lang='lat' dir='ltr'>II.</span> <span class='ocrx_word' id='word_1_342' title='bbox 528 4055 585 4100; x_wconf 84' lang='lat' dir='ltr'>van</span> <span class='ocrx_word' id='word_1_343' title='bbox 608 4035 748 4099; x_wconf 82' lang='lat' dir='ltr'>Meissen</span> <span class='ocrx_word' id='word_1_344' title='bbox 776 4037 894 4100; x_wconf 81' lang='lat' dir='ltr'>ertbcilt</span> <span class='ocrx_word' id='word_1_345' title='bbox 918 4057 989 4101; x_wconf 76' lang='lat' dir='ltr'>eum</span> <span class='ocrx_word' id='word_1_346' title='bbox 1020 4038 1165 4119; x_wconf 73' lang='lat' dir='ltr'>Varkaus</span> <span class='ocrx_word' id='word_1_347' title='bbox 1185 4039 1270 4102; x_wconf 73' lang='lat' dir='ltr'>eina</span> <span class='ocrx_word' id='word_1_348' title='bbox 1297 4039 1386 4119; x_wconf 71' lang='lat' dir='ltr'>Hafa</span> 
     </span>
     <span class='ocr_line' id='line_1_39' title="bbox 125 4123 1384 4209; baseline 0.003 -24"><span class='ocrx_word' id='word_1_349' title='bbox 125 4123 162 4185; x_wconf 82' lang='lat' dir='ltr'>in</span> <span class='ocrx_word' id='word_1_350' title='bbox 190 4123 413 4188; x_wconf 64' lang='lat' dir='ltr'>[domnamant</span> <span class='ocrx_word' id='word_1_351' title='bbox 438 4125 549 4188; x_wconf 63' lang='lat' dir='ltr'>salens</span> <span class='ocrx_word' id='word_1_352' title='bbox 580 4125 680 4188; x_wconf 64' lang='lat' dir='ltr'>sanes</span> <span class='ocrx_word' id='word_1_353' title='bbox 705 4124 850 4190; x_wconf 84' lang='lat' dir='ltr'>Brnders</span> <span class='ocrx_word' id='word_1_354' title='bbox 871 4127 1004 4190; x_wconf 83' lang='lat' dir='ltr'>Koarad</span> <span class='ocrx_word' id='word_1_355' title='bbox 1034 4147 1091 4190; x_wconf 85' lang='lat' dir='ltr'>eon</span> <span class='ocrx_word' id='word_1_356' title='bbox 1113 4129 1321 4209; x_wconf 72' lang='lat' dir='ltr'>Peratcndcrt&#39;</span> <span class='ocrx_word' id='word_1_357' title='bbox 1341 4149 1384 4190; x_wconf 84' lang='lat' dir='ltr'>aa</span> 
     </span>
     <span class='ocr_line' id='line_1_40' title="bbox 124 4212 811 4296; baseline 0.006 -22"><span class='ocrx_word' id='word_1_358' title='bbox 124 4212 185 4274; x_wconf 76' lang='lat' dir='ltr'>das</span> <span class='ocrx_word' id='word_1_359' title='bbox 204 4213 329 4278; x_wconf 71' lang='lat' dir='ltr'>auster</span> <span class='ocrx_word' id='word_1_360' title='bbox 352 4213 461 4294; x_wconf 76' lang='lat' dir='ltr'>Pforle</span> <span class='ocrx_word' id='word_1_361' title='bbox 479 4215 563 4278; x_wconf 73' lang='lat' dir='ltr'>s&#39;eim</span> <span class='ocrx_word' id='word_1_362' title='bbox 584 4213 811 4296; x_wconf 63' lang='lat' dir='ltr'>alammion</span> 
     </span>
    </p>
   </div>
   <div class='ocr_carea' id='block_1_5' title="bbox 230 4347 870 4524">
    <p class='ocr_par' dir='ltr' id='par_1_5' title="bbox 230 4347 870 4524">
     <span class='ocr_line' id='line_1_41' title="bbox 231 4347 870 4418; baseline 0.008 -16"><span class='ocrx_word' id='word_1_363' title='bbox 231 4347 363 4405; x_wconf 47' lang='lat' dir='ltr'>adsensa</span> <span class='ocrx_word' id='word_1_364' title='bbox 383 4348 413 4402; x_wconf 93' lang='lat' dir='ltr'><strong><em>D</em></strong></span> <span class='ocrx_word' id='word_1_365' title='bbox 431 4353 468 4403; x_wconf 84' lang='lat'>20</span> <span class='ocrx_word' id='word_1_366' title='bbox 486 4351 538 4416; x_wconf 79' lang='lat' dir='ltr'>(at.</span> <span class='ocrx_word' id='word_1_367' title='bbox 553 4349 738 4418; x_wconf 84' lang='lat' dir='ltr'>Borsendorf).</span> <span class='ocrx_word' id='word_1_368' title='bbox 774 4351 797 4404; x_wconf 86' lang='grc' dir='ltr'><em>Τ</em></span> <span class='ocrx_word' id='word_1_369' title='bbox 810 4355 870 4407; x_wconf 76' lang='lat'><em>205.</em></span> 
     </span>
     <span class='ocr_line' id='line_1_42' title="bbox 230 4453 721 4524; baseline -0.004 -14"><span class='ocrx_word' id='word_1_370' title='bbox 230 4453 342 4510; x_wconf 74' lang='lat' dir='ltr'>anlt:</span> <span class='ocrx_word' id='word_1_371' title='bbox 360 4453 494 4509; x_wconf 59' lang='lat' dir='ltr'>Duum:</span> <span class='ocrx_word' id='word_1_372' title='bbox 521 4454 604 4524; x_wconf 71' lang='lat' dir='ltr'>Wob?=</span> <span class='ocrx_word' id='word_1_373' title='bbox 619 4455 642 4520; x_wconf 88' lang='grc' dir='ltr'>Ι,</span> <span class='ocrx_word' id='word_1_374' title='bbox 661 4460 721 4510; x_wconf 82' lang='lat'><em>325.</em></span> 
     </span>
    </p>
   </div>
   <div class='ocr_carea' id='block_1_6' title="bbox 169 4571 1383 4663">
    <p class='ocr_par' dir='ltr' id='par_1_6' title="bbox 169 4571 1383 4663">
     <span class='ocr_line' id='line_1_43' title="bbox 169 4571 1383 4663; baseline 0.003 -24"><span class='ocrx_word' id='word_1_375' title='bbox 169 4571 202 4639; x_wconf 90' lang='lat' dir='ltr'>ln</span> <span class='ocrx_word' id='word_1_376' title='bbox 230 4577 358 4642; x_wconf 78' lang='lat' dir='ltr'>neudne</span> <span class='ocrx_word' id='word_1_377' title='bbox 391 4583 499 4642; x_wconf 86' lang='lat' dir='ltr'>sancte</span> <span class='ocrx_word' id='word_1_378' title='bbox 531 4583 562 4642; x_wconf 90' lang='lat' dir='ltr'>et</span> <span class='ocrx_word' id='word_1_379' title='bbox 595 4577 759 4642; x_wconf 81' lang='lat' dir='ltr'>individue</span> <span class='ocrx_word' id='word_1_380' title='bbox 788 4579 944 4642; x_wconf 87' lang='lat' dir='ltr'>trinitatis.</span> <span class='ocrx_word' id='word_1_381' title='bbox 987 4579 1096 4650; x_wconf 91' lang='lat' dir='ltr'>Brnue</span> <span class='ocrx_word' id='word_1_382' title='bbox 1123 4589 1182 4644; x_wconf 69' lang='lat'>11¹¹·</span> <span class='ocrx_word' id='word_1_383' title='bbox 1207 4580 1257 4644; x_wconf 91' lang='lat' dir='ltr'>dei</span> <span class='ocrx_word' id='word_1_384' title='bbox 1283 4582 1383 4663; x_wconf 83' lang='lat' dir='ltr'>gratia</span> 
     </span>
    </p>
   </div>
   <div class='ocr_carea' id='block_1_7' title="bbox 0 0 1710 5146">
    <p class='ocr_par' dir='ltr' id='par_1_7' title="bbox 0 0 1710 5146">
     <span class='ocr_line' id='line_1_44' title="bbox 0 0 1710 5146; baseline 0 3"><span class='ocrx_word' id='word_1_385' title='bbox 0 0 1710 5146; x_wconf 95' lang='lat' dir='ltr'> </span> 
     </span>
    </p>
   </div>
  </div>
 </body>
</html>
