3392 5150
575 421 624 478 Nr.
638 421 785 478 uel-283.
805 421 888 492 1289„
1328 413 1378 468 281

87 575 215 639 litterum
243 575 419 658 sigillorum
440 579 622 638 nostrornm
643 573 892 657 appensionibus
913 573 1048 635 fecimus
1069 568 1219 634 roborari.
1261 565 1378 630 Datum

88 667 113 728 in
131 665 228 728 Portu
248 684 332 728 cuno
353 665 474 728 domini
497 673 613 728 M⁰Oc⁰
626 672 896 734 LXXX⁰lx⁰,V1⁰
919 681 1020 726 nouus
1041 660 1154 724 Martii.

147 783 247 844 'nece
268 789 297 844 D
367 779 430 844 l'eo
447 789 514 858 fehlt
532 787 561 843 D
632 790 642 816 ¹³
661 789 721 843 iure
738 791 890 842 tenuerunt
912 787 935 840 T
1002 775 1256 854 “Menantergr

695 935 802 942 --.—....
811 935 845 940 .—

86 1053 191 1137 1289.
222 1053 346 1155 April
375 1055 430 1137 17.
459 1053 731 1136 Weissenseo.
1288 1044 1378 1127 282.

158 1189 305 1254 Albrecbl
314 1189 491 1272 Medores
502 1209 560 1254 von
575 1189 761 1271 Tomlopm
777 1190 876 1270 σξριπσι
889 1187 971 1250 cocle
983 1184 1188 1267 Resipoolioo
1198 1182 1380 1248 Fredrims

120 1299 176 1344 von
206 1278 353 1344 sooner
378 1281 447 1344 uod
468 1279 621 1344 Kourods
648 1301 707 1343 von
729 1279 831 1344 nouo
857 1279 926 1342 dein
947 1277 1074 1342 Klmler
1097 1274 1203 1357 Pscrte
1225 1279 1246 1338 3
1267 1271 1378 1354 Hufen

121 1371 153 1430 in
177 1367 316 1433 Millem
343 1370 412 1434 uod
438 1375 458 1433 1
480 1369 568 1453 Hufe
592 1371 628 1434 io
649 1369 895 1434 Hoesmbausco
922 1389 964 1434 cu
989 1371 1082 1430 emim
1103 1366 1158 1428 der
1178 1363 1380 1442 Balineum,

120 1459 195 1522 dass
221 1479 278 1522 nou
299 1459 368 1524 dero
382 1461 560 1542 jobrliclien
584 1459 662 1524 Zios
691 1461 862 1542 1¹l4ll1arlo
888 1462 947 1541 scir
970 1459 1029 1522 dos
1053 1456 1216 1522 emmaus
1241 1453 1309 1517 uod
1329 1453 1381 1516 die

120 1549 226 1628 toriae
251 1553 288 1630 ¹12
296 1549 396 1613 Mart
416 1553 473 1632 fiir
496 1551 547 1614 <iic
569 1551 694 1616 Bnioloe
714 1551 760 1614 bei
788 1550 1002 1631 Weneendorf
1016 1545 1175 1612 verwuodl
1197 1544 1328 1608 werden.

228 1683 357 1738 limetur
381 1685 458 1742 Tol.
478 1685 508 1740 D
527 1679 596 1740 122b
615 1687 669 1753 (iit.
690 1686 790 1754 Mellir)
809 1687 858 1739 mil
877 1687 1088 1749 ilicemmnpcn.

227 1787 339 1843 muel:
360 1789 496 1844 Dculmb:
525 1791 607 1860 Wolff
615 1791 658 1858 ΙΙ,
676 1797 736 1846 220.

158 1913 225 1976 Nos
247 1913 400 1977 Albertus
426 1915 477 1978 dei
504 1917 611 1998 grecis
631 1916 801 2000 Thuringie
829 1913 1034 1996 landgravius
1061 1921 1091 1976 et
1113 1911 1250 1974 Saxonis
1272 1929 1379 1972 comes

81 2003 237 2083 palatinus
266 2006 523 2086 recognoscimus
552 2012 583 2070 et
608 2013 754 2070 constare
780 2007 945 2090 cupimus·
970 2003 1129 2066 universis
1156 2000 1273 2064 Christi
1298 1999 1378 2062 fide-

80 2089 175 2170 libus
197 2093 237 2156 ad
260 2113 341 2174 quos
361 2099 543 2177 pervenerit
563 2116 694 2179 presens
716 2097 883 2180 scripturn,
904 2095 988 2177 quod
1012 2099 1075 2156 tres
1096 2111 1224 2154 mansos
1247 2091 1324 2154 sitos
1344 2090 1378 2150 iu

80 2179 189 2246 lleller
217 2190 249 2246 et
274 2203 375 2246 unum
403 2204 548 2247 mansum
576 2188 669 2248 sitnm
697 2189 728 2249 in
752 2187 979 2250 Hossenlruseu
1003 2189 1123 2266 septem
1144 2182 1284 2244 fertones
1306 2179 1378 2241 Vn'·

79 2269 241 2353 bergensis
263 2275 385 2355 argenti
407 2276 499 2337 anuis
519 2276 654 2357 siugulis
676 2276 844 2354 solventes,
867 2295 947 2356 quos
964 2273 1144 2336 Fridericus
1164 2271 1203 2332 dc
1219 2269 1379 2332 Soboober

76 2365 105 2422 et
125 2361 293 2426 Conradus
327 2363 366 2428 de
387 2363 489 2428 Rolitz
523 2385 540 2426 o
574 2365 664 2428 nobis
694 2368 724 2428 iu
758 2366 854 2428 feudo
885 2367 1038 2428 hacteuus
1070 2361 1250 2424 babuerunt
1280 2363 1312 2422 et
1338 2359 1377 2422 od

77 2469 192 2516 manus
217 2459 342 2516 nostras
368 2454 547 2518 voluntarie
576 2458 846 2538 resignaveruntl,
872 2455 1005 2518 ecclesie
1025 2455 1056 2516 in
1080 2452 1176 2515 ¹Porto
1194 2449 1376 2533 oppropriu-

77 2541 181 2606 rimns
208 2549 241 2606 et
265 2542 380 2606 litteris
401 2545 601 2627 presentibus
622 2546 654 2608 in
676 2546 839 2630 proprium
861 2565 1029 2627 erogamus
1053 2542 1112 2606 sub
1135 2538 1377 2604 condicionibus

75 2629 155 2692 inira
183 2632 321 2714 scriptis
353 2632 501 2698 videlieet
534 2635 619 2715 quod
648 2636 758 2698 eodem
786 2636 897 2717 pensio
920 2639 1039 2716 septem
1062 2634 1236 2706 sertorium,
1257 2629 1377 2692 scilicet

75 2721 218 2802 quinque
245 2721 386 2786 fertones
413 2723 522 2786 domui
549 2725 709 2808 hospitum
740 2723 884 2789 eiusdem
910 2723 1039 2786 claustri
1067 2721 1161 2785 Porto
1188 2725 1219 2782 et
1245 2717 1377 2780 dimidie

74 2827 183 2874 marca
203 2811 331 2874 residua
352 2813 438 2895 ponti
461 2814 494 2875 in
516 2813 772 2885 Wentzendorif,
797 2833 860 2894 que
881 2812 953 2892 (sic)
974 2821 1083 2876 contra
1106 2809 1228 2873 salome
1250 2813 1375 2890 proten-

72 2897 176 2976 ditur,
204 2900 388 2964 deservient
415 2908 447 2965 et
473 2905 565 2965 annis
593 2902 727 2984 singulis
756 2909 941 2985 erogentur,
973 2921 1068 2984 super
1107 2919 1170 2980 quo
1196 2903 1374 2981 presentem

72 2987 210 3052 litteram
232 2989 328 3053 scribi
349 2991 485 3054 fecimus
506 2993 603 3054 nostri
628 2991 723 3072 sigilli
740 2990 852 3055 robore
869 2990 1105 3054 communitam.
1148 2987 1254 3050 Huius
1269 2989 1375 3047 nostre

71 3081 344 3162 oppropriociouis
377 3086 473 3146 testes
506 3089 581 3145 suut
610 3081 726 3144 nobilis
754 3083 803 3144 vir
827 3101 934 3144 comes
961 3079 1141 3143 Fn'dcn'cus
1169 3077 1208 3140 de
1234 3073 1376 3138 liabens-

73 3168 160 3242 uult,
185 3169 438 3250 Heynemannns
460 3172 499 3234 de
521 3172 619 3243 Helu,
648 3171 827 3234 Frirlericus
853 3172 956 3232 dietus
982 3170 1020 3232 dc
1048 3166 1174 3232 lb·oist‘l
1200 3172 1276 3227 tuno
1299 3170 1375 3226 tem-

73 3259 157 3336 poris
183 3264 290 3322 noster
311 3259 502 3324 advocatus⁸
529 3262 560 3323 in
587 3261 677 3323 Nouo
699 3267 801 3322 castro
819 3267 851 3322 ot
872 3260 1077 3322 Hermunnus
1100 3255 1247 3335 magister
1270 3258 1375 3315 nostro

72 3348 170 3410 curie.
213 3347 331 3412 Datum
364 3359 395 3413 et
420 3359 525 3414 uotum
549 3351 737 3414 Wisensebe
760 3370 843 3412 anuo
873 3349 993 3412 domini
1015 3353 1301 3418 M⁰clff⁰bXXXlX‚
1329 3341 1375 3404 in¹

69 3435 234 3500 dominica
256 3436 557 3522 Quusimodogeuiti.

139 3549 302 3606 acolurnus
321 3552 350 3606 D
451 3546 657 3626 bresignarunt
675 3555 704 3608 D
804 3553 922 3608 esinum
952 3554 976 3606 l*
991 3548 1242 3622 que-protenditur
1259 3547 1324 3614 l'clill
1348 3545 1376 3598 l)

68 3617 79 3655 '¹
99 3631 207 3686 (troisli
226 3630 255 3684 D
326 3634 506 3688 ‘aduncatus
524 3641 619 3689 noster
637 3635 666 3688 D
737 3627 791 3688 fiu
810 3635 876 3702 sebit
894 3633 924 3688 D

609 3765 747 3774 ...σεο-ι.
787 3769 834 3774 ...--

73 3863 188 3944 1289.
220 3861 342 3964 April
373 3865 426 3946 17.
457 3863 728 3947 Weissenscc.
1281 3860 1374 3945 283.

149 3997 297 4061 Albredel
309 3997 545 4080 Londprofvon
560 3999 738 4081 lbiiriopen
752 4003 852 4080 eipriol
868 4003 936 4066 dem
950 4001 1070 4064 Kloster
1087 3999 1191 4080 Plotio
1204 4003 1223 4060 -l
1232 3999 1268 4077 ¹b
1278 3995 1376 4059 Morio

106 4089 142 4150 in
165 4087 323 4168 Wilsdorf
337 4107 386 4164 eu,
407 4087 459 4152 die
478 4089 542 4151 torn
563 4111 621 4154 ooo
642 4090 703 4152 den
726 4091 851 4172 Grafen
873 4091 1039 4153 Hemone
1059 4089 1127 4151 und
1144 4085 1297 4150 Heinrich
1319 4105 1376 4148 vore

110 4175 270 4258 Osterfeld
291 4177 360 4240 und
379 4177 484 4242 diesen
504 4199 563 4243 voci
586 4179 732 4244 emtore
752 4201 811 4244 ooo
835 4179 989 4244 Holdecloc
1009 4176 1208 4260 auspelassen
1228 4175 1310 4240 mod.

222 4301 358 4360 Hdecbm
380 4303 478 4363 T190,
499 4303 528 4358 1)
551 4309 601 4359 116
619 4307 671 4372 (tit.
683 4305 896 4377 wlfingistorli).

224 4406 337 4462 Duco:
358 4405 494 4464 Deultcb:
522 4409 651 4476 Wolffll,
669 4411 726 4464 221.
770 4410 824 4480 Vpl.
844 4412 945 4466 Brauo
963 4415 1005 4464 22.

150 4491 219 4586 Nos
240 4522 392 4587 Albertus
419 4523 469 4588 dei
496 4525 602 4606 grecia
627 4525 797 4606 Thuringie
824 4524 1020 4607 lantgravius
1046 4531 1077 4589 et
1103 4525 1241 4588 saxonie
1269 4545 1376 4588 comes

64 4614 232 4696 palatinus
254 4613 512 4695 recognoscimus
535 4615 568 4676 in
590 4614 639 4678 bis
661 4615 794 4698 scriptis,
816 4614 901 4696 quod
920 4623 1056 4696 quotuor
1074 4633 1253 4678 marcarum
1271 4614 1376 4678 reddi·
