3390 5148
506 377 714 432 Neara-253.
736 375 917 431 tart—1275.
1318 377 1368 431 257

81 531 178 595 noticie
188 537 388 614 posterorum
411 535 443 594 et
463 530 607 595 fidelium
630 530 811 594 testimonio
826 527 1098 594 commendentur.
1125 531 1258 598 Noverit
1273 537 1371 620 igitur

79 628 130 684 tam
149 640 279 704 presens
300 620 464 684 hominum
488 625 554 684 etas
577 640 671 702 quam
692 621 724 682 in
737 619 861 684 Christo
882 620 1050 702 posteritas
1065 641 1261 706 successura,
1283 629 1368 709 quod

77 711 259 774 venerabiles
281 711 410 790 domini,
442 708 539 774 abbas
570 717 602 773 11
632 715 810 773 conventus
831 709 1003 773 Fortenses
1034 715 1141 776 nostre
1174 714 1319 790 diocesis,
1351 739 1369 780 a

78 799 216 874 Conrado,
236 800 399 880 Heinrico,
421 799 554 863 Alberto
576 805 608 863 et
619 799 805 864 Burchardo
821 799 860 861 de
871 797 1057 864 Winenuels
1078 803 1230 868 fratribus
1252 826 1369 890 cogno-

76 899 168 953 mento
195 889 370 954 Sobarrocb
396 888 478 953 duos
506 909 633 953 mansos
653 891 687 953 in
709 889 797 967 villa,
820 907 881 970 que
906 890 1083 972 appellatur
1102 893 1271 976 Thesquiz,
1292 899 1369 962 sitos

76 987 102 1040 et
126 980 268 1043 salictum
299 981 378 1042 citra
409 978 514 1042 Salam
549 979 587 1042 ad
615 981 700 1062 ipsos
726 997 853 1042 mansos
883 981 1047 1062 pertinens
1079 983 1162 1047 iusto
1194 989 1369 1069 empcionis

76 1068 164 1148 tytulo
185 1075 409 1152 compararunt
429 1074 516 1132 certa
535 1089 659 1133 summa
683 1069 818 1152 pecunie
840 1070 960 1134 eisdem
981 1072 1179 1154 integraliter
1198 1078 1368 1159 persoluto.

77 1158 182 1221 benun
206 1179 279 1222 cum
307 1158 440 1242 predicti
466 1158 556 1234 Gon,
577 1157 685 1237 Henr,
706 1157 756 1221 Al.
780 1165 811 1220 et
829 1158 906 1221 Bur.
926 1159 1041 1224 iratres
1061 1161 1219 1244 predictos
1243 1187 1369 1232 mansos

74 1268 136 1310 eum
157 1247 305 1311 omnibus
327 1247 393 1311 suis
413 1247 618 1330 pertinenciis
639 1247 708 1310 iure
730 1252 904 1310 tenuerunt
923 1248 1040 1312 feodali
1063 1251 1102 1315 de
1125 1273 1221 1317 manu
1236 1254 1369 1321 illustris

73 1339 221 1422 principis,
254 1338 375 1401 domini
406 1337 539 1401 Henrioi
571 1335 741 1401 Misnensis
774 1342 805 1400 et
837 1335 1008 1402 Orientalis
1039 1343 1245 1422 marchionis,
1282 1348 1368 1431 ipsos

74 1447 190 1491 mansos
210 1429 242 1490 in
261 1446 374 1490 manus
396 1427 539 1490 eiusdem
559 1427 711 1510 principis
728 1425 867 1489 fideliter
882 1428 1092 1508 resignarunt
1114 1451 1186 1496 cum
1200 1434 1369 1518 diligencia

74 1518 272 1598 postulantes,
305 1527 463 1598 quatenus
492 1535 588 1600 super
615 1517 780 1599 empcione
800 1520 967 1599 pretaxato
988 1519 1140 1584 tratribus
1161 1521 1369 1591 Portensibus

73 1627 251 1672 eonsensum
274 1612 418 1669 nostrum
441 1625 597 1669 unacum
619 1606 697 1688 ipsis
719 1605 883 1668 obtineret.
916 1607 1082 1672 Predictus
1097 1612 1206 1693 itaque
1222 1616 1369 1700 princeps

73 1698 168 1779 sepius
201 1697 381 1759 nominatos
416 1715 543 1759 mansos
579 1713 651 1758 oum
692 1694 840 1757 omnibus
871 1697 939 1758 suis
971 1699 1176 1780 pertinenciis
1207 1723 1264 1786 per
1296 1727 1369 1771 suas

72 1785 181 1850 litteras
218 1785 322 1868 sigillo
359 1787 519 1848 autentico
556 1785 767 1848 communitas
803 1785 835 1846 in
870 1785 1020 1851 manibus
1050 1792 1166 1854 nostris
1196 1795 1369 1876 resignavit
1402 1873 1408 1885 ,

73 1875 220 1940 lumiliter
259 1876 483 1960 supplicando,
522 1883 679 1956 quatenus
717 1879 914 1937 contractum
952 1876 1095 1940 habitum
1135 1882 1218 1945 iuter
1255 1885 1369 1951 1111111

75 1963 230 2029 l'ortcnses
251 1972 283 2027 et
305 1963 395 2039 Gon,
416 1963 530 2043 Henn,
552 1963 602 2027 Al.
624 1969 655 2026 et
676 1964 752 2028 Bur.
773 1963 887 2027 tratres
908 1971 981 2028 ante
1004 1965 1105 2030 dictos
1126 1978 1230 2034 ratum
1251 1973 1368 2038 habero

72 2066 98 2114 et
122 2055 309 2117 confirmare
336 2061 444 2117 nostro
473 2053 639 2137 privilegio
667 2053 887 2134 dignaremur,
916 2057 1081 2136 presertim
1109 2077 1181 2122 cum
1204 2063 1267 2124 iam
1292 2064 1367 2127 dicti

72 2146 163 2207 mansi
192 2145 262 2208 iure
293 2144 493 2227 proprietatis
526 2143 733 2206 dinoscantur
763 2143 802 2204 ad
833 2151 973 2206 nostram
1007 2146 1174 2212 ecclesiam
1201 2153 1367 2234 pertinere.

73 2233 130 2296 Nos
149 2235 244 2318 igitur
263 2233 501 2298 considerantes
523 2236 705 2315 prenotatos
726 2251 854 2295 mansos
875 2252 1051 2316 numquam
1075 2240 1368 2308 amanibustauto-

72 2343 134 2386 rum
153 2333 318 2387 vacaturos
342 2343 402 2386 neo
422 2324 563 2386 irucnrm
586 2321 625 2384 ab
646 2323 723 2406 ipsis
744 2341 803 2384 nos
819 2321 958 2405 aliquem
974 2325 1147 2407 habituros,
1169 2333 1368 2398 attendentes

71 2413 160 2476 eciam
197 2414 361 2498 religionis
400 2413 606 2476 devocionem
645 2411 737 2474 nobis
776 2413 809 2473 in
851 2412 975 2477 Christo
1009 2416 1197 2481 dilectorum
1235 2423 1368 2489 11111111

70 2499 272 2578 Ponendum,
294 2507 490 2564 contractum
512 2501 690 2584 predictum
712 2507 816 2563 ratum
835 2503 975 2584 gerimus
996 2511 1027 2568 11
1044 2515 1217 2590 acceptum,
1239 2513 1369 2577 cosdem

70 2589 143 2654 duos
172 2611 299 2656 mansos
329 2611 402 2654 oum
428 2591 577 2655 omnibus
604 2591 670 2654 suis
699 2591 904 2673 pertinenciis
930 2596 1182 2660 contradidimus
1203 2607 1234 2663 et
1255 2621 1368 2685 appro-

70 2681 246 2760 priarimus.
275 2682 502 2744 confirmantes
530 2700 601 2744 cum
631 2681 716 2742 omni
746 2681 815 2750 iure
848 2688 879 2744 ot
909 2682 1064 2764 dominio,
1099 2691 1307 2770 proventibus
1338 2701 1369 2757 et

70 2769 249 2834 utilitatibus
284 2771 446 2850 omnibus,
481 2789 542 2852 que
572 2777 635 2833 tam
665 2770 756 2833 nobis
787 2789 882 2852 quam
910 2773 1059 2838 omnibus
1088 2778 1238 2858 predictis
1263 2782 1295 2843 in
1322 2784 1368 2846 eis

68 2868 237 2944 competere
251 2860 450 2939 ridebantur,
472 2862 505 2923 in
526 2867 715 2944 perpetuum
736 2861 954 2944 possidendos,
975 2863 1031 2926 tali
1048 2871 1154 2930 tamen
1170 2871 1367 2940 condicione.

69 2949 147 3027 quod
175 2951 267 3012 annis
296 2948 430 3032 singulis
461 2950 494 3011 in
524 2949 574 3011 111
605 2949 713 3011 Prisce
745 2949 877 3032 virginis
907 2951 1039 3015 dimidia
1061 2963 1183 3020 carrata
1204 2961 1270 3023 vini
1293 2982 1367 3026 oon-

68 3040 168 3101 1111111
198 3039 345 3102 Portensi
376 3045 440 3101 tam
471 3058 528 3121 pro
556 3038 648 3101 uobis
675 3057 770 3120 quarn
798 3040 899 3102 eciam
928 3041 1207 3124 predecessoribus
1237 3059 1268 3113 et
1296 3073 1368 3136 pro-

67 3129 255 3204 genitoribus
277 3129 393 3192 nostn's
414 3129 613 3192 ministretur
639 3130 678 3192 11
700 3129 819 3192 mansis
841 3149 938 3213 supra
962 3137 1152 3200 memoratis.
1200 3139 1240 3202 Ut
1260 3151 1367 3206 autem

66 3219 211 3295 premissa
239 3219 346 3288 omnia
373 3217 471 3282 robur
500 3217 665 3281 obtineant
690 3217 794 3281 debite
822 3219 997 3300 firmitatis,
1023 3233 1202 3305 presentem
1230 3229 1366 3296 litteram

66 3305 195 3390 desuper
220 3307 378 3371 conscribi
406 3309 542 3371 fecimus
571 3312 602 3369 et
623 3306 718 3389 sigilli
734 3307 836 3370 nostri
857 3309 1034 3374 munimine
1055 3313 1207 3379 roborari.
1248 3321 1366 3384 Actum

67 3401 95 3456 et
115 3396 219 3460 datum
247 3398 279 3459 in
302 3397 399 3461 Porta
421 3416 505 3458 anno
527 3397 644 3460 domini
668 3399 899 3461 n⁰co⁰Lxxu
907 3397 929 3478 ⁰,
955 3408 1044 3464 xu1⁰
1064 3403 1217 3470 kalendas
1237 3410 1367 3493 Aprilis,

65 3484 231 3550 indictione
244 3497 312 3564 111¹,
333 3487 538 3570 pontificatus
554 3487 654 3550 nostri
675 3505 759 3549 anno
782 3488 889 3566 tercio,
911 3491 1112 3572 presentibus
1134 3496 1268 3561 testibus
1282 3500 1367 3564 intra

65 3576 197 3658 scriptis:
227 3575 413 3640 Hermanno
440 3582 472 3640 et
499 3575 652 3640 Heinrico
680 3577 832 3640 tratribus
859 3580 975 3643 nostris
1003 3579 1182 3665 burgraviis
1208 3586 1247 3650 de
1274 3589 1365 3653 Novo

64 3671 171 3746 castro,
192 3666 321 3734 domino
342 3665 483 3730 Henn'co
506 3665 545 3730 de
566 3665 693 3729 Lobede
714 3672 823 3730 nostro
845 3669 1039 3752 cappellano,
1063 3671 1191 3737 domino
1205 3675 1365 3742 Henrioo·

63 3753 99 3816 de
130 3754 334 3834 Stolrenhan,
365 3755 559 3819 Theoderico
591 3755 630 3817 11
662 3755 815 3836 Wolfdiz,
848 3755 989 3822 Henn'co
1019 3760 1058 3824 11
1087 3761 1212 3827 Gruzen
1242 3771 1274 3829 11
1294 3767 1364 3830 aliis

65 3863 156 3923 quam
177 3845 330 3930 pluribus.

102 4681 254 4736 ouueuaq.
264 4679 363 4724 aras.
380 4681 417 4720 au.
428 4680 526 4726 xxxru.
