3390 5148
561 389 769 450 teratu-251.
789 391 864 446 1274.
1065 443 1067 448 ,
1316 387 1368 444 255

82 544 219 626 positores
258 541 440 607 amicabiles
459 562 556 626 supra
585 543 669 605 dicti.
712 542 760 605 Ne
786 543 883 622 igitur
910 561 1007 625 super
1031 543 1193 627 premissis
1222 540 1370 604 omnibus

82 634 286 717 inposterum
312 631 444 696 dubium
472 631 601 714 aliquod
623 631 759 694 suboriri
787 631 890 694 valeat
919 633 969 694 vel
996 633 1097 694 eciam
1124 631 1247 712 questio
1274 632 1371 693 cavil-

81 721 133 784 losa
155 724 228 787 seu¹
249 723 372 805 iniqua,
398 727 430 786 et
451 727 487 785 ut
505 722 600 784 firma
621 729 652 784 et
673 720 861 784 inconvulsa
881 726 1033 804 perpetuo
1055 721 1273 805 perseverent,
1299 739 1370 804 pre-

81 819 184 876 sentem
206 812 344 875 litteram
366 811 482 874 abinde
498 812 709 893 conscriptam
729 809 832 892 sigillo
854 810 1045 873 venerabilis
1063 811 1192 888 domini,
1211 809 1369 874 Lamberti

80 903 241 985 prepositim
272 907 378 965 sancte
401 899 500 965 Mario
526 899 741 977 Eriordensis,
771 906 803 962 et
834 899 936 982 sigillo
966 899 1169 964 Portensium
1200 905 1232 963 et
1258 899 1370 982 sigillis

80 991 183 1055 domini
214 991 337 1054 abbatis
369 997 401 1054 et
427 997 605 1054 conventus
632 989 932 1071 Burgelinensium²
960 989 1095 1053 fecimus
1122 990 1312 1053 communiri
1340 996 1371 1052 et

79 1081 104 1141 in
127 1089 260 1163 utroque
287 1082 478 1144 monasterio
506 1087 570 1143 tam
594 1079 874 1160 Burgelinensium
902 1097 997 1161 quam
1027 1079 1231 1143 Portensium
1251 1080 1370 1144 eisdem

79 1169 496 1253 sigillismunitam⁰deponi.
527 1167 1371 1250 AcrasuntTulzwitaannodommiu⁰cu⁰nxx⁰1111⁰,

79 1259 224 1323 dominica
244 1259 489 1338 asminrscerer,
509 1259 682 1322 indictione
705 1258 854 1320 secunda.

134 1392 198 1446 ade
250 1381 387 1446 bdomini
405 1389 526 1446 (lauradi
579 1388 720 1444 esculteti
738 1389 773 1444 de
792 1389 946 1462 weiningen
1000 1383 1066 1446 ‘de
1084 1391 1170 1446 Porta
1222 1392 1371 1448 0nomini-

78 1467 119 1522 bus
135 1477 299 1526 censeantur
343 1461 547 1524 ‘Reinhardus
567 1468 654 1524 abbas
674 1477 701 1524 et
719 1479 872 1526 conventus
917 1469 976 1524 ⁸in
995 1471 1136 1541 premissis
1154 1474 1223 1530 satir
1259 1473 1370 1528 hlauri·

77 1548 131 1602 liam
155 1557 279 1606 nostram
307 1549 411 1605 ibidem
438 1557 568 1620 procurat
596 1550 625 1604 in
651 1547 842 1604 ecelesiasticis
869 1551 1049 1605 sacramentis
1121 1543 1127 1580 ¹
1150 1551 1371 1611 habundanciori

77 1619 85 1654 ¹⁸
110 1631 187 1685 annis
214 1629 331 1701 singulis
359 1629 536 1701 promisimus
609 1620 614 1656 ¹
642 1635 670 1682 et
723 1627 742 1655 ¹¹¹
769 1629 901 1701 prepositi
921 1629 1060 1700 Lamperti
1133 1631 1146 1658 ¹¹
1169 1631 1203 1688 de
1222 1633 1371 1705 Burgelino

76 1711 294 1764 “communitam
359 1709 371 1745 ¹³
394 1711 466 1764 Acta
491 1715 557 1762 sunt
579 1708 630 1762 hec
651 1707 771 1762 Tulawiz
795 1709 935 1764 dominica
958 1709 1144 1765 Remiuiscere
1166 1730 1241 1769 anno
1263 1710 1370 1768 domini

76 1789 323 1844 u⁰sc⁰uxx11n⁰

78 1997 173 2079 aa
201 1951 384 2082 nana
1283 2003 1369 2086 aar.

145 2131 215 2197 aas
236 2132 483 2200 manamaur
506 2109 677 2198 assam
700 2133 862 2198 vastaret
884 2135 920 2198 a
945 2135 1042 2199 anan
1068 2135 1208 2200 causae
1226 2139 1283 2202 aa
1303 2139 1371 2202 aaa

110 2221 232 2287 Kloster
254 2221 361 2306 Pforte
385 2225 453 2305 auf
477 2223 567 2287 elaea
594 2221 731 2286 blatea
757 2225 793 2286 in
819 2221 990 2306 Doradorf
1008 2226 1077 2289 aad
1105 2227 1279 2290 Groutseae
1302 2230 1371 2292 und

108 2312 202 2377 eheu
222 2313 322 2393 datilr
340 2314 408 2376 eine
428 2311 519 2394 Hafa
538 2312 573 2376 ia
601 2312 801 2377 Wolmeritrl.
890 2409 892 2412 Ι

212 2446 346 2506 Ηάεοὴν,.·
364 2445 465 2502 D21b
484 2445 734 2516 (titBoreeudorll.

212 2551 329 2608 studit:
348 2551 484 2606 Deulaclt:
510 2553 593 2621 Wolff
608 2552 650 2614 II,
671 2557 728 2607 190.

146 2679 210 2742 Nos
231 2679 540 2742 ,traterssemharuus
560 2679 658 2742 abbas
679 2685 829 2762 totusque
846 2687 1024 2744 conventus
1035 2681 1074 2744 de
1087 2681 1191 2761 Porta
1212 2683 1371 2748 lohannes

73 2771 252 2852 prepositus,
273 2769 460 2833 Adelheidis
481 2769 641 2832 abbatisse
661 2775 810 2850 totasque
832 2775 1009 2833 conventus
1030 2771 1320 2836 sanctimonialium
1336 2776 1370 2837 in

72 2855 226 2922 Bn'seniac
257 2858 514 2941 recognoscimus
542 2861 625 2922 inter·
649 2859 842 2922 monasteria
867 2867 975 2922 nostra
1003 2860 1075 2922 hine
1102 2861 1175 2923 inde
1210 2862 1370 2942 quoddam

72 2947 286 3010 concambium
307 2967 376 3011 esse
399 2947 635 3011 racionabiliter
655 2953 687 3012 et
708 2946 828 3011 utiliter
839 2949 968 3027 factum,
988 2949 1020 3011 in
1036 2950 1122 3012 hunc
1137 2951 1267 3014 modurn
1284 2951 1371 3016 vide-

73 3035 155 3099 licet:
180 3056 239 3100 nos
256 3037 301 3100 Io.
323 3038 516 3120 prepositus,
537 3040 575 3100 A.
586 3037 747 3100 abbatissa
768 3044 799 3100 et
819 3043 996 3101 conventus
1017 3038 1048 3100 in
1071 3039 1234 3104 Brisenizc
1253 3060 1372 3104 renun-

72 3125 219 3190 ciavimus
245 3126 383 3206 decime,
411 3147 473 3210 que
498 3146 558 3190 nos
584 3127 789 3209 contingebat
816 3127 855 3190 de
884 3127 1021 3208 quadam
1050 3128 1144 3191 vinea
1168 3127 1370 3194 Porteusium

72 3213 129 3276 sita
150 3217 182 3278 in
207 3217 309 3279 veteri
335 3225 443 3280 monte
463 3216 625 3279 Dorndort
652 3223 684 3279 et
708 3215 778 3278 aliis
806 3216 896 3278 bonis
923 3217 1108 3280 eorumdem
1133 3218 1201 3281 sitis
1231 3219 1266 3282 in
1294 3220 1370 3283 villa

72 3303 243 3370 tiroutsene
266 3306 399 3385 deserta,
420 3305 554 3370 eandem
565 3305 773 3370 Portensibus
795 3308 1000 3388 assignantes.
1031 3307 1098 3370 Nos
1117 3327 1193 3371 vero
1214 3307 1250 3372 R.
1273 3309 1370 3373 abbas

73 3399 102 3453 et
122 3402 294 3459 conventus
307 3395 479 3459 Portenses
500 3415 518 3459 e
540 3395 698 3458 contrario
720 3395 914 3458 contulimus
934 3396 1126 3459 monasterio
1146 3404 1178 3460 et
1198 3399 1370 3462 conventui

72 3481 102 3542 in
125 3483 263 3548 Briseniz
290 3504 391 3548 unum
420 3503 567 3549 mansum
598 3486 693 3548 situm
722 3485 756 3547 in
777 3485 963 3548 Wolmeritz
976 3489 995 3565 ¹,
1027 3485 1204 3550 solventem
1236 3488 1370 3572 singulis

72 3573 160 3636 annis
172 3583 223 3638 XV
242 3574 651 3656 solidosNuenburgenses,
672 3576 704 3638 in
727 3574 913 3638 concambio
938 3595 995 3658 pro
1017 3575 1141 3638 decima
1162 3595 1259 3659 supra
1277 3577 1369 3640 dicta

71 3658 118 3723 Ne
147 3663 239 3746 igitur
269 3665 304 3726 in
332 3669 495 3748 posterum
527 3663 690 3728 sinistrum
717 3683 813 3747 super
839 3664 908 3727 istis
933 3664 1038 3728 valeat
1066 3665 1216 3743 suboriri,
1247 3666 1302 3730 sed
1334 3673 1370 3730 ut

70 3750 179 3816 firmus
198 3761 230 3818 et
249 3754 459 3818 inconvulsus
479 3756 514 3817 in
534 3760 723 3839 perpetuum
744 3760 928 3837 permaneat
948 3755 1049 3817 ,huius
1071 3773 1132 3840 per
1152 3756 1259 3818 omnia
1279 3761 1370 3819 tenor
1409 3801 1412 3807 -

70 3839 157 3922 tacti,
175 3851 354 3927 presentem
381 3845 518 3908 litteram
545 3863 641 3928 super
671 3844 731 3906 hiis
756 3843 968 3926 conscriptam
990 3844 1166 3928 sigillorum
1188 3853 1368 3909 nostronnn

72 3933 312 4012 appensionibus
348 3935 501 3998 iussimus
536 3933 743 4013 communiri,
783 3931 932 3996 videlicet
964 3934 1067 4018 sigillo
1104 3934 1306 3998 Portensium
1338 3942 1370 3998 et

71 4019 179 4100 sigillis
198 4025 348 4107 prepositi
369 4029 401 4088 et
421 4030 598 4088 conventus
620 4024 659 4086 de
674 4023 840 4086 Brisenita.
871 4024 953 4085 Acta
975 4029 1049 4084 sunt
1069 4023 1128 4086 hec
1148 4043 1232 4085 anno
1249 4024 1369 4086 domini

71 4115 463 4194 M⁰Cu⁰hxx⁶1111⁰,111⁰
484 4133 585 4177 nonas
607 4113 728 4191 Marcii,
749 4113 922 4175 indictione
944 4111 1092 4175 secunda.

144 4228 447 4300 tmmmaa

595 4394 848 4406 Μαι-κ.-
