3442 5148
672 393 905 451 Urkundenbueh
922 393 971 450 dee
988 393 1114 449 Kloatera
1133 391 1236 448 Psorte.

453 547 578 602 Draco.-
596 546 715 615 Stamps,
734 546 805 601 Acta
824 545 990 614 Mammam
1010 549 1051 600 75.
1081 544 1213 598 Dmteeb:
1239 541 1324 610 Wolff
1333 541 1357 606 1,
1377 545 1435 596 132.

381 663 421 726 Iu
447 664 574 727 nomine
600 669 708 726 sancte
733 669 765 726 et
791 662 956 727 individue
985 661 1155 725 trinitatis.t
1205 657 1392 740 A[moldusl
1420 657 1470 720 dei
1498 655 1607 738 gracia

302 752 557 835 Moguntinensis
578 753 711 816 ecclesie
733 753 987 836 archiepiscopus
1014 749 1163 814 omnibus
1184 748 1299 814 Christi
1326 747 1475 811 iidehbus
1493 765 1607 830 perpe-

302 848 389 905 tuam
411 842 592 906 indumine
614 844 757 906 salutem.
798 840 940 924 Dignum
963 847 994 904 et
1015 841 1171 903 honestati
1197 839 1391 902 conveniens
1418 856 1487 901 esse
1515 837 1608 900 dino-

302 933 408 1011 scitur,
430 937 473 1012 ut,
501 934 556 1014 qui
580 933 620 996 ad
647 932 854 996 ecclesiarum
876 931 1018 1013 regimen
1040 931 1193 1013 assumpti
1214 947 1338 1008 sumuS,
1364 947 1418 992 eas
1443 934 1475 991 et
1495 925 1534 989 ab
1556 927 1608 988 in-

301 1023 428 1086 iusticia
448 1023 657 1086 defendamus
678 1028 710 1085 et
731 1022 907 1086 secundum
929 1022 1088 1084 iusticiam
1108 1021 1179 1102 paci
1200 1038 1310 1082 earum
1332 1025 1364 1082 et
1384 1018 1513 1082 utilitati
1533 1037 1608 1102 pro-

302 1112 481 1196 spiciamus.
537 1111 671 1175 Noverit
706 1131 780 1192 ergo
812 1110 928 1174 Christi
963 1108 1110 1172 fidelium
1147 1113 1210 1171 tarn
1243 1127 1373 1191 presens
1408 1115 1475 1171 etas
1508 1127 1608 1190 quam

301 1219 488 1264 successura
508 1201 684 1284 posteritas,
707 1200 842 1282 qualiter
863 1200 922 1262 deo
945 1199 1078 1263 devotus
1099 1199 1193 1261 homo
1216 1198 1344 1280 quidam
1360 1200 1489 1262 nomine
1503 1198 1609 1262 Wolf-

300 1292 441 1354 fearmus
471 1310 544 1354 cum
573 1292 708 1374 coniuge
735 1309 791 1353 sua
812 1289 912 1354 Lucia
938 1289 1056 1372 singuli
1077 1288 1219 1371 singulos
1241 1287 1300 1350 deo
1322 1294 1354 1352 et
1377 1293 1484 1352 sancte
1505 1288 1609 1351 Maria

301 1386 475 1462 sanctoque
497 1381 633 1464 Georgia
656 1400 784 1444 mansos
810 1380 843 1442 in
866 1379 1097 1442 Wicherstethl
1124 1383 1156 1441 et
1176 1377 1401 1442 Rudirsdonf2
1422 1377 1611 1443 obtulerunt

300 1471 354 1554 pia
374 1475 406 1534 et
426 1471 539 1533 humili
561 1471 774 1554 suplicacione
795 1471 1001 1552 impetrantes
1020 1468 1195 1552 plenariam
1216 1469 1445 1532 fraternitatem
1467 1469 1526 1532 deo
1547 1468 1611 1530 ibi-

301 1560 373 1623 dem
397 1561 608 1624 serviencium
631 1560 725 1624 simul
746 1566 778 1623 et
798 1559 906 1622 officia
926 1559 1116 1621 fraternitati
1138 1558 1251 1622 debita.
1283 1559 1376 1622 Hanc
1398 1560 1609 1623 donacionem

302 1649 360 1713 sub
387 1650 521 1714 testibus
550 1650 784 1715 racionabiliter
812 1649 1004 1712 celebratam
1034 1655 1133 1712 ratam
1163 1656 1195 1712 et
1225 1651 1445 1713 inconvulsam
1475 1668 1611 1712 manere
1709 1660 1714 1673 '¹

301 1758 469 1803 censemus
500 1739 723 1818 decernentes,
754 1745 790 1802 ut
819 1738 901 1801 nulli
932 1738 1097 1802 hominum
1128 1739 1222 1801 liceat
1250 1739 1353 1822 ipsam
1373 1740 1612 1823 possessionem
1708 1746 1713 1787 ἓ

302 1829 454 1908 aufferre,
482 1831 632 1904 retinere,
662 1831 805 1893 minuere
832 1848 889 1892 seu
915 1827 1111 1910 quibuslibet
1131 1829 1285 1892 molestiis
1304 1830 1446 1912 fatigare.
1489 1827 1521 1892 Si
1544 1848 1612 1912 qua
1711 1883 1714 1913 ,

301 1919 399 2000 igitur
429 1919 463 1981 in
494 1925 657 2002 posterum
691 1919 905 1982 ecclesiastica
935 1919 1001 1981 sive
1033 1918 1185 1981 secularis
1215 1937 1351 2001 persona
1378 1924 1488 1982 contra
1512 1919 1613 1982 huius

302 2008 421 2072 decreti
442 2010 591 2093 paginam
612 2010 750 2072 scienter
770 2009 879 2072 venire
900 2009 1136 2091 presumpserit,
1159 2009 1185 2070 si
1204 2027 1269 2070 non
1293 2009 1462 2092 resipuerit
1483 2013 1612 2072 reatum
1711 2067 1712 2072 ,

302 2117 396 2161 suum
422 2098 518 2181 digna
543 2100 723 2181 penitencia
750 2099 908 2179 corrigere
935 2097 1113 2180 negligens,
1145 2099 1224 2159 sciat
1245 2116 1277 2161 se
1300 2098 1487 2182 episcopalis
1509 2099 1613 2162 banni

303 2188 405 2251 nostri
433 2189 561 2252 vinculo
589 2189 716 2271 ligatam
744 2194 776 2250 et
802 2186 857 2250 tali
885 2193 997 2250 catena
1026 2187 1066 2248 ad
1090 2193 1232 2249 examen
1248 2187 1378 2270 superni
1400 2187 1515 2251 iudicis
1536 2207 1614 2270 per-

302 2277 497 2341 trahendam.

374 2392 385 2420 ²
404 2407 485 2446 amen
504 2392 533 2446 D

375 2497 385 2535 1
403 2497 482 2565 Dors
502 2497 673 2552 Wicberetedt
689 2503 752 2550 aad.
768 2497 882 2565 Apella.
954 2494 1063 2562 euers
1076 2495 1251 2563 Rudersderf
1263 2495 1456 2550 satietatem.

304 2768 628 2852 1151111118.
656 2769 917 2866 hornburg,
945 2769 1067 2850 hom.
1547 2771 1615 2852 la.

385 2914 522 2997 Bisaltas
535 2913 722 2978 Wt'clmruon
743 2933 802 2977 voa
816 2911 1004 2994 Nuumburp
1025 2913 1166 2994 beatritt'pt
1186 2913 1237 2976 die
1256 2913 1398 2994 &istane
1418 2915 1471 2976 des
1491 2913 1619 2980 Zeitaer

343 3002 520 3069 Domberrrr
540 3003 742 3080 Hammona,
768 3005 823 3066 der
847 3002 913 3084 auf
933 3003 1120 3067 einander
1141 3000 1267 3066 Kloster
1290 2999 1397 3084 Pforte
1415 3002 1617 3083 pebb'renden

345 3093 448 3175 Htipel
479 3113 520 3158 aa
545 3092 671 3159 Nuteeo
702 3092 853 3156 desselben
880 3093 969 3154 elaea
998 3093 1155 3174 Welnterp
1186 3092 1325 3172 angeleyt
1354 3093 1421 3168 tat,
1453 3093 1617 3173 attererem

343 3185 412 3247 dem
441 3183 567 3248 Kloster
595 3185 662 3247 eine
687 3181 897 3246 bolldadmcbe
925 3181 1014 3262 Hafe
1040 3182 1072 3244 io
1101 3180 1331 3262 Flemmt'npen,
1359 3203 1413 3244 um
1433 3201 1491 3245 vora
1514 3183 1617 3248 deren

344 3273 464 3355 Ertruq
491 3275 541 3337 dic
570 3275 684 3337 Kostea
716 3274 770 3336 der
803 3271 980 3352 Bebouuap
1013 3271 1065 3335 des
1098 3270 1276 3353 Weinberps
1305 3271 1375 3334 aad
1407 3271 1462 3334 der
1500 3270 1619 3337 Uoler-

344 3363 476 3446 baltunp
497 3363 550 3428 des
577 3364 717 3427 Writers
744 3383 785 3426 aa
806 3363 978 3437 desiratae,
1004 3361 1073 3424 aad
1093 3361 1176 3441 trifft
1197 3361 1414 3442 Besdimmuop
1433 3361 1507 3425 tter
1535 3362 1618 3427 Ver-

345 3453 498 3533 weduna
521 3453 574 3516 des
601 3451 717 3515 Weins.

455 3578 588 3632 Krische:
617 3577 661 3631 Or.
674 3577 795 3645 Perpau
812 3577 967 3644 bmcbihltot,
994 3577 1156 3644 Narrotbwrp
1175 3577 1210 3630 D.
1228 3578 1261 3634 A.
1277 3576 1328 3629 Nr.
1339 3581 1380 3631 41.
1403 3607 1433 3614 —
1460 3576 1518 3630 Von
1535 3578 1618 3633 einer

504 3659 611 3712 areatat
633 3657 766 3724 Urecbrist
783 3647 857 3710 D3¹¹
875 3658 926 3723 (tit.
937 3655 1038 3723 Porta).
1062 3657 1131 3710 Tri.

456 3757 567 3811 Druck:
587 3759 720 3812 Dcutach:
745 3758 828 3824 Wolff
835 3758 859 3823 I,
872 3759 931 3811 116.
960 3757 1011 3824 Vpl.
1031 3757 1180 3823 Pertuebl,
1193 3763 1234 3817 95,
1263 3757 1514 3811 Battara-Scaeam
1524 3757 1550 3822 Ι,
1566 3763 1617 3813 60.

504 3837 613 3906 Bd'bme,
635 3838 859 3907 Todttatanpra
880 3837 1132 3903 SclaultaaIL102.
1152 3837 1276 3904 Kriibae,
1298 3837 1464 3905 Maneselder
1479 3836 1536 3890 ΠΒ.
1547 3841 1618 3898 392.

386 3953 424 4015 Iu
452 3954 580 4016 nomine
610 3959 720 4035 sancte
746 3960 778 4016 et
797 3953 965 4034 individue
986 3953 1142 4016 trinitatis.
1185 3953 1416 4017 Wichmannus
1435 3953 1535 4035 gratia
1559 3953 1619 4018 dei

306 4042 571 4124 Nuenburgensis
599 4043 773 4126 episeopus,
815 4043 916 4105 Fratri
944 4042 1136 4105 Theoderico
1165 4043 1270 4105 abbati
1294 4043 1456 4106 Porteusis
1482 4042 1617 4106 cenobii

307 4137 339 4195 et
375 4131 613 4195 kathedralibus
651 4132 794 4195 eiusdem
832 4130 1069 4194 successoribus
1108 4133 1350 4215 imperpetuum.
1399 4129 1620 4197 Rationabilis
1713 4193 1714 4216 ,

306 4222 422 4305 peticio
453 4221 551 4304 digna
577 4228 624 4285 est
651 4241 826 4284 consensus
848 4221 988 4283 efficacis
1016 4220 1177 4300 obsequio.
1221 4221 1265 4284 Ut
1287 4241 1362 4304 ergo
1384 4227 1471 4283 tuam
1493 4224 1526 4281 et
1545 4221 1620 4284 fra·
1713 4217 1714 4220 ’

306 4317 391 4374 trum
413 4317 540 4374 tuormn
561 4312 751 4394 peticionem
772 4311 999 4392 compleamus,
1028 4310 1228 4392 presentibus
1250 4315 1282 4374 et
1301 4311 1418 4373 futuris
1439 4309 1620 4392 pandimus
1713 4353 1714 4370 o

306 4401 402 4464 huius
423 4401 610 4484 cyrographi
633 4409 784 4468 tenorem,
807 4401 861 4480 qui
883 4399 1051 4462 confirmat
1071 4399 1236 4462 cuiusdam
1260 4401 1406 4463 beneficii
1427 4398 1517 4460 robis
1533 4417 1619 4464 oon·

305 4491 362 4553 lati
384 4492 629 4575 dispositionem.
672 4491 773 4570 Igitur
801 4489 935 4552 dilectus
961 4491 1059 4552 irater
1082 4495 1113 4552 et
1139 4491 1356 4572 conprespiter
1386 4494 1493 4553 noster
1513 4486 1621 4553 Hart-
1713 4491 1714 4536 ἶ

307 4599 458 4660 mannua,
498 4581 638 4645 cizensis
669 4579 805 4661 ecclesie
840 4581 1026 4658 canonicus,
1056 4579 1209 4661 singulari
1241 4579 1393 4641 fidelitate
1426 4597 1482 4640 sua
1514 4576 1618 4642 etiam
