3506 5148
322 395 374 463 486
695 399 927 466 Urimndenbuch
945 403 995 466 des
1013 403 1139 467 morters
1157 401 1261 468 Piorte.

322 559 547 638 desolaverint,
567 561 717 625 volumus
738 581 807 626 esse
828 567 950 644 notum,
978 563 1062 648 quod
1084 583 1125 628 ex
1148 565 1293 628 unanimi
1313 583 1471 628 consensu
1490 569 1519 628 et
1536 562 1611 628 beni-

322 651 393 712 volo
415 651 455 713 ad
476 649 666 715 instanciam
688 658 719 714 et
739 654 927 734 peticionem
949 654 1114 717 reverendi
1138 655 1196 717 viri
1217 654 1339 718 domini
1360 653 1481 717 Alberti
1506 653 1611 718 abbatis

321 743 421 804 nostri
450 743 609 825 conputris
637 743 802 826 tociusque
830 750 1007 808 conventus
1038 746 1071 807 in
1102 744 1197 808 Porta
1220 749 1252 806 el
1272 743 1449 808 Hermanni
1471 744 1508 806 de
1529 743 1613 808 Bone

321 830 434 911 leyben
457 832 588 894 rectoris
609 833 698 912 curie
719 831 924 895 Hechendorf
941 833 1099 916 quoddam
1121 833 1338 897 molendinum
1364 835 1398 896 in
1423 839 1529 897 nostra
1546 835 1612 898 iuri-

322 922 445 984 dicionc
466 923 574 1000 situm,
595 920 695 984 eidem
718 923 890 1003 curleium
913 922 998 1005 dicte
1020 925 1173 1001 vicinum,
1195 923 1278 1006 quod
1293 921 1435 986 Ricmole
1456 923 1613 1005 vulgariter

320 1017 352 1074 el
372 1013 600 1074 communiter⁰
620 1009 804 1094 appellatur,
831 1014 915 1076 iusto
936 1015 1183 1097 permutacienis
1205 1013 1297 1076 tit-ulo
1321 1013 1360 1076 ad
1381 1031 1496 1076 manus
1516 1031 1612 1076 eomm

320 1103 517 1184 resignantes
541 1104 813 1184 appropriavimus
834 1108 865 1166 et
885 1103 1085 1186 presentibus
1101 1105 1341 1187 appropriumus
1356 1121 1429 1166 cum
1447 1105 1533 1165 omni
1548 1105 1615 1182 iure,

320 1212 384 1276 quo
410 1192 450 1254 ad
479 1211 538 1254 nos
565 1193 617 1254 et<¹
645 1197 769 1255 nostros
790 1193 959 1256 coheredes
980 1195 1132 1276 pertinuit
1153 1212 1208 1256 seu
1232 1194 1264 1255 in
1287 1197 1447 1276 posterum
1470 1194 1614 1276 pertinere

319 1284 449 1366 poterit⁰
471 1301 599 1364 quoquo
620 1282 727 1362 modo,
755 1301 829 1345 cum
857 1289 945 1346 tanta
959 1285 1106 1366 piscan'a
1125 1283 1207 1346 infra
1228 1284 1333 1366 ipsum
1356 1282 1569 1346 molendinum
1589 1291 1615 1346 et

320 1392 429 1456 supra,
456 1371 628 1455 quantumf
654 1373 756 1435 iactus
775 1375 873 1436 unius
894 1374 1007 1456 tigilli1
1028 1375 1142 1457 poterit
1161 1371 1358 1455 conprobem,
1379 1371 1437 1435 hec
1456 1391 1529 1435 cum
1550 1391 1614 1435 con-

319 1464 475 1542 ventione,
496 1461 615 1524 scilicet
631 1481 687 1544 pro
709 1461 811 1525 tribus
833 1465 922 1544 areis,
944 1483 1010 1527 une
1031 1466 1065 1526 in
1088 1461 1160 1526 Wie
1181 1465 1240 1526 sita
1261 1469 1292 1525 et
1316 1461 1441 1524 duabus
1461 1464 1494 1524 in
1507 1461 1615 1526 Geren-

318 1551 426 1620 hach‘.
455 1571 521 1635 que
546 1569 621 1632 arec
641 1551 734 1614 nobis
752 1557 788 1614 ut
808 1554 886 1637 ipsis
908 1554 1044 1636 singulis
1057 1554 1159 1616 annis
1180 1555 1212 1614 in
1235 1553 1331 1616 tercio
1353 1551 1483 1614 dimidio
1504 1552 1615 1615 fertone

306 1641 548 1706 ·Northusensis
569 1642 690 1724 argenti
711 1642 901 1706 censualiter
921 1644 1079 1706 servienth
1102 1643 1186 1705 etin
1209 1645 1312 1721 omni,
1340 1651 1406 1724 quo¹
1428 1643 1507 1724 ipsis
1528 1643 1616 1704 servi·

320 1739 420 1797 erunt
467 1731 508 1794 Et
539 1739 574 1795 ut
602 1731 741 1814 predicta
766 1735 960 1815 permutacio
985 1733 1109 1796 firmius
1138 1737 1329 1816 perseveret,
1361 1733 1492 1814 insuper
1517 1733 1615 1794 etiam

319 1824 522 1887 concedimus
545 1841 598 1886 eos
621 1827 652 1885 et
672 1824 886 1905 permittimus
906 1825 971 1886 iam
993 1841 1067 1906 sepe
1088 1825 1207 1886 dictum
1228 1822 1460 1899 molendinum,
1488 1823 1517 1884 si
1535 1822 1617 1884 volu-

319 1916 416 1992 erint,
447 1914 592 1976 funditus
623 1913 756 1976 evellere
786 1913 913 1996 alioque
939 1917 973 1976 in
1003 1914 1072 1977 loco
1098 1913 1308 1977 reedificando
1339 1913 1558 1990 constituere¹¹‚
1584 1918 1618 1975 ut

318 2023 426 2067 eorum
451 2005 577 2067 utilitati
599 2008 630 2066 et
648 2003 802 2087 profectui
823 2003 982 2067 videbitur
1002 2005 1180 2067 convenire.
1224 2003 1262 2066 ln
1291 2003 1384 2065 cuius
1410 2003 1456 2065 rei
1484 2003 1618 2065 testimo·

318 2097 408 2158 nium
440 2100 471 2157 et
501 2114 541 2158 ne
570 2097 720 2176 cuiquam
750 2113 845 2176 super
876 2093 938 2156 hiis
969 2096 1002 2156 in
1033 2100 1195 2176 posterum
1230 2095 1271 2157 sit
1303 2092 1453 2172 dubium,
1495 2111 1619 2172 presens

318 2187 470 2268 scriptum
502 2184 649 2248 dedimus
680 2186 779 2246 nostri
806 2183 900 2265 sigilli
930 2184 1108 2246 munimine
1130 2183 1321 2247 roboratum.
1366 2181 1474 2245 Testes
1498 2188 1529 2246 et
1548 2201 1620 2244 con·

319 2277 437 2355 siliarii,
468 2277 523 2356 qui
549 2275 687 2352 aderant,
713 2274 862 2336 dominus
884 2272 1082 2336 Christianus
1111 2272 1336 2357 viceplebanus
1357 2273 1389 2334 in
1414 2270 1498 2350 wie,
1524 2269 1620 2335 Hein-

318 2368 404 2428 ricus
431 2370 463 2428 et
488 2363 646 2427 Lutollus¹
676 2364 714 2426 de
736 2362 891 2426 Alrestete
913 2369 943 2426 et
964 2361 1137 2426 Heinrieus
1159 2362 1197 2425 de
1218 2361 1381 2426 Deinstete
1402 2361 1527 2441 milites,
1555 2359 1622 2424 Fri·

319 2456 444 2518 dericus
466 2455 504 2518 de
525 2453 717 2517 Voilsburch
738 2459 816 2515 tunc
837 2455 987 2536 temporis
1008 2454 1188 2531 advocatus,
1209 2451 1369 2516 Hemicus
1389 2451 1428 2514 de
1441 2449 1623 2515 Dratstete¹¹

319 2547 486 2623 scultetusr,
513 2544 679 2608 Gernodus
699 2543 857 2620 Funere,
882 2541 1088 2606 Hermannus
1111 2543 1148 2606 de
1170 2542 1369 2623 Bozeleybeu
1398 2549 1428 2606 et
1448 2541 1562 2605 Petrus
1585 2544 1624 2606 de

318 2634 553 2714 Rusteleybeu⁰
580 2634 699 2696 fratres.
746 2632 863 2695 Datum
895 2639 1057 2696 electum
1084 2651 1167 2695 anne
1195 2632 1643 2696 dominiu⁰coc⁰xxu11⁰.·
1729 2647 1730 2654 ’

319 2728 444 2810 Augeat
464 2732 495 2788 et
516 2731 634 2788 crescat
656 2725 734 2787 deus
756 2724 814 2786 boc
836 2733 1087 2806 nunquamquel‘
1107 2723 1282 2805 deposcam.
1326 2724 1438 2785 Amen.

389 2861 451 2916 aln
466 2893 497 2900 -
512 2879 592 2916 amen
607 2862 675 2929 fehlt
693 2860 722 2915 D
793 2850 859 2914 bde
877 2859 907 2913 D
978 2861 1035 2915 cet
1049 2862 1234 2915 communiter
1251 2861 1317 2927 fehlt
1335 2858 1364 2913 D
1442 2848 1510 2912 tlad
1529 2859 1627 2913 hirmu-

314 2942 450 3014 9efilptD
547 2941 699 3012 epotuerit
717 2941 746 2994 D
842 2931 988 3010 ‘quantus
1007 2941 1037 2994 D
1123 2939 1295 3010 ⁸gambaeh
1314 2939 1344 2992 D
1433 2927 1631 2994 haseruiretT

317 3017 427 3077 ietism
445 3023 512 3090 sebit
529 3022 559 3075 D
630 3013 820 3076 l‘construere
839 3019 869 3072 D
939 3012 1144 3076 lLucolfusT
1212 3019 1232 3048 ¹¹³
1250 3017 1442 3074 DracsteteT
1517 3019 1530 3046 ¹¹
1549 3021 1628 3074 wrke
1729 3069 1730 3076 ,

318 3103 472 3175 (vorke)T
540 3101 792 3171 ⁰RuteleybenT
824 3100 997 3154 Rusteleibin
1016 3101 1046 3154 D
1115 3101 1201 3171 ¹'que
1218 3099 1330 3167 sela-lli7
1398 3097 1553 3169 qtepescat
1577 3101 1603 3154 T
1729 3103 1730 3116 ¹

388 3218 397 3247 ¹
421 3218 500 3272 Ueber
524 3215 577 3269 den
599 3215 685 3271 Stoica·
703 3215 774 3282 (bier
792 3215 901 3283 Ziegel)
919 3213 1006 3282 Wurs
1026 3232 1075 3268 zur
1093 3215 1281 3284 Bestimmimp
1303 3213 1351 3268 der
1369 3213 1552 3284 Entsemuap
1578 3215 1629 3285 apl.
1729 3261 1730 3264 ,

315 3300 341 3354 J.
353 3298 468 3363 cuma»,
487 3294 775 3350 mutuaenutuae*
794 3292 818 3359 r,
840 3295 905 3361 ees.

318 3475 425 3558 iser.
452 3471 661 3576 sparteo.
1282 3539 1283 3544 a
1529 3471 1631 3557 eae.
1729 3431 1730 3466 ³

396 3610 543 3674 Gebhard
564 3607 702 3690 Biscbos
716 3629 776 3673 uon
798 3609 984 3690 Merseburp
1005 3611 1106 3690 sicud
1123 3610 1192 3673 deu
1202 3609 1330 3674 Kloster
1340 3608 1450 3689 Psorlc
1472 3607 1633 3687 3Hufen
1729 3599 1730 3684 f

351 3702 388 3764 ia
412 3698 577 3780 Tragos-lb,
601 3699 779 3762 Meuscaau
800 3701 870 3763 und
891 3700 1002 3780 iopila
1031 3701 1100 3764 aad
1131 3699 1292 3764 4Aecleer
1319 3719 1371 3761 am
1399 3697 1543 3778 Dpelsee,
1576 3697 1634 3760 die

352 3811 386 3852 er
407 3790 472 3852 ihm
492 3790 612 3868 streitiy
632 3790 771 3869 gemacht
790 3788 854 3866 tat,
876 3790 946 3853 weil
958 3791 1004 3854 sie
1017 3791 1094 3854 ohne
1106 3789 1327 3868 Zuslimmuap
1340 3789 1395 3852 des
1404 3785 1634 3868 Domkapieets

353 3879 507 3942 erworben
527 3879 610 3955 sind,
630 3881 711 3942 nacla
733 3881 819 3942 einer
839 3879 987 3960 Zoilum
1008 3901 1067 3944 voa
1089 3885 1134 3945 40
1157 3880 1257 3944 Marlc
1277 3879 1379 3945 Silber
1397 3897 1448 3942 aa.

461 4005 598 4062 Hclecbm
625 4007 756 4077 OaPerp.
782 4007 863 4075 esp.
888 4007 935 4062 dea
957 4007 1084 4076 Bt'ecbofs
1105 4007 1164 4061 und
1187 4006 1233 4061 dee
1250 4004 1437 4073 Domuapcea
1462 4021 1503 4057 au
1526 4001 1636 4056 rothen

510 4087 634 4141 seidenen
653 4086 758 4154 Fiden,
778 4086 935 4155 bcscbddipt.
973 4086 1096 4141 Dresdea
1109 4087 1147 4142 H.
1159 4088 1197 4142 St.
1208 4087 1243 4141 A.
1263 4085 1405 4140 Nemea
1729 4089 1730 4116 l

460 4181 572 4242 Daret:
591 4180 678 4245 Κάιν,
699 4182 756 4236 UB.
767 4181 793 4236 d.
804 4181 915 4236 Hochet.
927 4179 1082 4250 Mereeburp
1094 4179 1118 4246 I,
1138 4183 1196 4234 648.

391 4303 579 4368 innomine
604 4305 734 4368 domini.
764 4306 876 4368 Amen.
917 4302 984 4367 Nos
1008 4301 1236 4366 Gheuehardus
1263 4303 1313 4366 dei
1332 4304 1435 4386 gratia
1451 4301 1636 4384 episcopus

310 4393 441 4458 ecclesie
460 4393 713 4476 Mersburgeusis
733 4395 993 4477 recognoscimus
1018 4400 1049 4456 et
1068 4393 1217 4457 omnibus
1237 4392 1352 4456 Christi
1372 4391 1532 4466 fidelibus,
1568 4387 1636 4470 qui
1729 4379 1730 4464 l

310 4489 486 4566 presentem
513 4486 648 4547 litteram
677 4485 828 4565 viderint,
858 4493 969 4548 nolum
998 4503 1068 4546 esse
1094 4486 1244 4568 cupimus
1274 4490 1305 4546 et
1333 4489 1489 4560 constare
1517 4475 1635 4560 quod.

310 4574 382 4638 licet
402 4574 602 4638 honorabiles
622 4581 653 4638 et
673 4575 812 4658 religiosi
831 4577 890 4637 viri
913 4575 1062 4637 dominus
1078 4573 1177 4638 abbas
1193 4579 1224 4637 et
1239 4579 1416 4637 conventus
1434 4566 1634 4636 monasterii
