3392 5150
594 372 802 436 Num-27&
824 375 899 434 1287.
1318 375 1371 434 275

78 528 232 594 dimidium
253 546 410 604 mansum,
430 525 594 592 Ditmarus
615 534 647 592 et
665 548 748 592 urror
768 530 851 610 eius,
873 549 963 594 soror
984 529 1134 594 videlicet
1153 549 1251 614 supra
1271 529 1370 594 dicto-

77 639 137 682 rum
158 617 318 682 Sibotonis
339 623 371 682 et
389 617 555 696 Iohannis,
576 637 724 684 mausum
745 639 845 682 unum
867 638 887 681 a
906 638 957 683 me
977 619 1047 683 iure
1068 618 1189 683 feudali
1211 619 1370 698 tenebant,

77 729 138 772 cunr
166 708 304 789 quadam
330 707 411 772 silva
435 709 527 770 iuxta
555 708 729 790 predictam
757 708 867 772 villam
888 707 1001 772 Meller
1023 709 1094 788 sita,
1123 709 1219 772 simili
1238 709 1308 774 iure
1330 710 1369 772 ad

77 819 118 862 me
138 797 301 876 devoluta,
329 796 458 860 domino
485 796 592 861 abbati
618 803 650 861 et
672 798 805 862 ecclesie
827 796 974 862 Portensi
1003 817 1060 881 pro
1087 798 1229 881 quinque
1255 800 1371 863 marcis

76 898 101 951 ct
118 887 248 952 dimidia
268 887 365 950 michi
386 886 584 966 integraliter
594 887 764 970 persolutis
774 907 847 952 cunr
860 889 945 951 omui
956 890 1034 966 iure,
1057 889 1200 967 utilitate,
1221 888 1370 963 dominic,

76 979 270 1061 proprietate,
306 995 379 1039 curu
410 975 559 1040 omnibus
593 978 659 1040 suis
690 979 909 1060 pertinenciis,
946 979 1028 1040 siout
1059 979 1277 1062 progenitores
1307 979 1370 1040 mei

77 1068 275 1150 possederunt
302 1071 334 1129 et
360 1085 419 1148 ego
448 1067 601 1130 hacteuus
629 1067 769 1150 possedi,
796 1071 855 1130 rite
882 1073 914 1130 et
932 1067 1167 1131 racionabiliter
1188 1066 1316 1131 vendidi
1339 1073 1371 1130 et

76 1177 159 1240 super
189 1156 288 1220 altare
319 1154 410 1220 beate
434 1153 542 1222 ,Marie
574 1157 707 1238 virginis
738 1158 771 1220 in
802 1157 899 1220 Porta
935 1156 1034 1220 obtuli
1066 1157 1135 1220 iure
1169 1157 1369 1240 proprietatis

77 1253 215 1330 perpetuo
237 1245 454 1330 possidendos.
498 1245 636 1308 Prodicti
658 1251 764 1309 autem
785 1257 849 1309 tres
871 1247 973 1310 mensi
994 1246 1035 1309 ad
1055 1247 1240 1329 magistrum
1266 1245 1371 1329 hospi·

75 1347 146 1412 tour,
178 1336 233 1416 qui
263 1353 351 1398 nuuc
380 1340 429 1398 est
455 1334 507 1398 vel
535 1336 590 1416 qui
618 1354 769 1418 processu
795 1337 946 1419 temporis
972 1337 1100 1400 iuturus
1121 1341 1185 1415 est,
1217 1341 1369 1419 perpetuo

75 1425 265 1508 spectabunt,
291 1443 328 1486 eo
356 1424 441 1505 qood
468 1424 532 1487 siut
560 1424 599 1488 de
629 1424 721 1488 bonis
741 1424 781 1487 ad
803 1425 933 1488 domum
957 1425 1115 1508 hospitum
1138 1423 1371 1508 pertinentibus

75 1515 245 1598 comparati.
298 1512 346 1576 Ne
373 1514 471 1596 igitur
502 1513 615 1578 hatrcs
643 1513 814 1578 Porteuses
846 1515 1060 1598 calumpniam
1090 1515 1140 1578 vel
1172 1514 1370 1595 questionem

75 1603 247 1667 cavillosam
271 1602 322 1666 vel
343 1603 444 1666 eciam
466 1604 703 1686 impeh'cionem
724 1603 763 1667 ab
780 1605 887 1686 aliquo
902 1605 1069 1668 homiuum
1085 1604 1240 1688 superbis
1250 1604 1371 1666 mansis

74 1693 101 1754 in
127 1699 288 1776 posterum
312 1711 441 1756 necesse
469 1693 608 1756 habeant
628 1694 801 1773 sustinere,
823 1711 883 1776 ego
903 1693 1085 1758 Friden'ous
1106 1693 1146 1756 de
1168 1693 1370 1758 Balchstethe

74 1803 139 1846 cunr
165 1782 336 1847 heredibus
365 1784 459 1862 meiS,
485 1784 599 1847 fratres
626 1785 690 1848 mei
715 1783 920 1848 Hermannus
949 1791 982 1848 et
1007 1783 1173 1848 Oonradus
1203 1803 1277 1846 curu
1304 1783 1370 1846 suis

75 1872 250 1951 herediboS,
281 1873 357 1934 item
381 1871 442 1934 filii
468 1875 572 1954 patrui
598 1875 678 1952 mei,
708 1873 889 1937 Fridericus
917 1873 1082 1952 videlicet,
1111 1873 1317 1936 Hermennus
1339 1880 1370 1936 et

74 1961 236 2026 Heinricus
267 1962 343 2024 dicti
370 1961 409 2024 de
427 1961 647 2042 Breytinbuch
668 1982 743 2026 cum
764 1962 913 2026 omuibus
934 1963 1001 2026 suis
1021 1961 1206 2039 heredibus,
1229 1962 1370 2043 resigna·

74 2052 170 2114 rimus
199 2052 250 2114 ius
281 2060 313 2112 et
344 2051 566 2134 proprietatem
598 2053 665 2114 sive
692 2051 883 2130 dominium,
911 2051 997 2132 quod
1027 2049 1119 2114 nobis
1149 2051 1189 2114 de
1208 2056 1314 2116 cetero
1335 2051 1367 2114 in

73 2141 214 2222 predictis
241 2141 361 2202 mansis
392 2141 562 2204 vendicare
593 2159 773 2224 possemus,
806 2141 847 2204 ad
877 2160 969 2204 usum
987 2141 1135 2204 ‘fratrum
1166 2139 1370 2204 Porteusium

73 2231 299 2294 transferentes.
340 2229 377 2292 Iu
408 2231 501 2294 cuius
534 2232 582 2298 rei
614 2231 741 2313 signum
773 2237 806 2294 et
838 2231 1023 2294 memoriam
1054 2230 1264 2313 perhennem,
1295 2231 1370 2311 quia

73 2319 170 2402 sigillo
191 2319 318 2403 proprio
339 2338 447 2399 careo,
476 2319 615 2402 sigillum
637 2321 743 2384 fratris
761 2322 823 2384 mei
844 2321 979 2384 senioris
999 2319 1110 2397 Virioi,
1131 2336 1195 2399 quo
1216 2319 1370 2384 hactenus

76 2427 146 2472 usus
173 2429 257 2487 sum,
286 2427 346 2472 neo
373 2427 437 2471 non
466 2414 498 2472 et
520 2409 660 2492 sigillum
683 2411 790 2474 fratris
810 2411 873 2472 mei
895 2409 1073 2496 Hermanni
1095 2408 1233 2492 presenti
1255 2409 1369 2491 pagine

72 2499 147 2561 duxi
165 2497 416 2581 apponendum&
447 2497 555 2563 Testes
575 2505 650 2563 suot
670 2499 819 2562 dominus
839 2498 912 2562 Otto
935 2500 974 2562 de
991 2498 1153 2562 (losteuitz
1174 2505 1205 2560 et
1219 2497 1370 2562 hibertus

72 2587 108 2650 dc
136 2588 310 2664 GosteuitZ,
339 2587 488 2651 domiuus
516 2588 630 2652 Petnrs
662 2589 701 2652 de
726 2589 890 2652 Woihowe
920 2597 952 2652 et
981 2588 1069 2650 filius
1099 2607 1178 2650 suus
1208 2586 1370 2666 Albertus,

71 2675 236 2741 Heiun'ous
257 2676 297 2740 de
317 2675 453 2740 Heseler
474 2678 627 2742 scultetus
648 2678 920 2762 Noenburgensis,
943 2677 1109 2741 Comedus
1131 2677 1170 2739 de
1187 2677 1268 2740 Foro
1290 2678 1370 2740 civis

72 2765 338 2849 huenburgensis,
359 2767 509 2830 dominus
530 2773 570 2830 ..¹
593 2769 772 2852 prepositos
795 2769 834 2832 de
856 2767 1015 2851 Schiplitr,
1036 2767 1186 2830 dominus
1197 2766 1369 2830 Heinricus

70 2855 106 2918 de
122 2855 228 2936 Ihene,
247 2856 580 2921 domiuusHeiurious
601 2859 640 2922 de
652 2859 759 2921 Butitz
780 2858 925 2941 perpetui
945 2857 1054 2920 vicarii
1069 2855 1368 2938 Noenburgensesb.

70 2945 148 3008 Acta
171 2953 246 3010 suut
272 2947 331 3010 heo
355 2965 438 3010 auno
466 2947 586 3010 domini
615 2957 903 3012 r1⁰co⁰Lxxxv11
930 2947 962 3009 in
990 2947 1129 3010 claustro
1156 2945 1196 3008 ad
1222 2952 1367 3010 sanctum

69 3036 236 3119 Georgium
263 3037 298 3100 in
325 3037 453 3101 civitate
474 3035 752 3118 huenburgensis,
777 3039 811 3100 in
840 3037 891 3099 die
918 3035 1083 3100 beatorum
1105 3035 1271 3098 martirum
1291 3034 1368 3098 Ger·

70 3125 155 3204 casii
168 3131 199 3190 et
219 3126 386 3191 Prothasii.

134 3261 376 3333 'appendendum
396 3261 426 3317 D
495 3259 687 3333 rhuenburg
711 3261 735 3315 Τ
786 3255 791 3268 ’

138 3365 148 3404 ¹
173 3365 355 3422 Ver-mmmm
373 3366 517 3441 Hmnn
534 3367 604 3421 ecch
624 3367 675 3424 Nr.
688 3369 748 3422 302.

65 3637 175 3720 1287.
201 3637 441 3725 November
465 3638 505 3721 4.
1281 3637 1368 3722 ate.

143 3781 310 3848 Friedrich
345 3781 438 3864 Grof
456 3805 515 3849 von
542 3783 752 3848 Recensum
780 3783 944 3860 habundet,
975 3782 1050 3846 does
1082 3779 1150 3846 om
1180 3781 1282 3846 Rider
1311 3803 1370 3847 con

104 3871 252 3937 Gdssnitr
285 3874 354 3936 und
386 3873 494 3936 dassen
524 3873 814 3938 Blutsoerwandtcr
841 3872 1008 3936 Friedridr
1035 3891 1093 3936 aon
1118 3871 1289 3952 haustam
1315 3873 1372 3934 mit

100 3961 256 4027 Beluae
282 3966 344 4044 11s2
366 3963 456 4044 Hufe
484 3964 519 4026 in
540 3963 692 4028 Zoekroar
714 3964 773 4044 fiir
795 3965 835 4026 15
856 3961 956 4026 Mart
976 3982 1021 4025 an
1041 3961 1099 4024 das
1119 3961 1245 4025 Kloster
1263 3961 1371 4042 'Psorte

100 4050 250 4134 voekoofl
275 4052 344 4115 und
370 4053 437 4134 auf
462 4053 531 4116 dean
561 4051 787 4134 Londyerdobte
817 4052 852 4114 in
879 4050 1011 4115 maora
1042 4051 1099 4114 mil
1126 4049 1209 4113 allen
1236 4047 1371 4113 Becbtan

99 4141 301 4222 riberlrapen,
328 4143 508 4206 ausserdem
531 4141 613 4206 auch
640 4141 806 4206 Friedrich
833 4143 898 4204 ocn'
920 4138 1090 4220 Balpatddt
1114 4140 1218 4220 ouf3
1238 4138 1302 4202 ihm
1320 4159 1371 4220 pc·

97 4229 208 4312 braya
232 4231 436 4314 Imnsbufen
466 4233 500 4296 in
528 4231 666 4296 Meum
692 4251 734 4296 zu
764 4231 910 4296 amnon
936 4231 989 4293 des
1016 4228 1159 4293 chsims
1185 4247 1280 4309 peperi
1304 4229 1372 4292 eine

100 4317 251 4401 Zalduop
270 4341 330 4384 von
356 4325 425 4403 5¹12
447 4321 548 4386 Morio
569 4321 729 4387 verniolum
748 4321 833 4386 eabe.

206 4458 348 4517 hecra:
368 4459 399 4513 u
417 4459 469 4513 sn
488 4460 540 4528 (et.
553 4457 700 4523 moeror).
732 4459 813 4513 rec.

216 4563 330 4620 Μαι·
346 4563 480 4620 amco.-
504 4565 587 4633 ruff
602 4563 644 4634 rr,
662 4567 723 4626 215,
