3506 5148
647 411 697 467 Nr.
710 413 857 472 ele-sla.
878 413 954 471 1324.
1401 415 1455 473 479

148 566 220 630 liter
240 565 426 649 propinavit
467 565 505 629 In
534 584 671 648 quorum
699 567 843 629 omnium
871 566 1061 631 evidentiam
1091 573 1123 634 et
1145 570 1367 634 certitudinem
1388 571 1453 653 pie-

148 659 270 720 niorem
302 658 383 720 hanc
412 657 546 720 litteram
578 655 673 718 scribi
704 665 734 720 et
762 661 940 720 nostrorum
970 657 1147 740 sigillorum
1179 660 1290 724 robore
1320 661 1454 724 fecimus

148 749 337 831 consignari.
380 743 496 810 Datum
517 765 602 808 enno
623 745 744 809 domini
765 755 1035 826 M⁰CCC⁰XX1111,
1053 754 1143 812 sexto
1164 750 1453 834 kalendasrtprilis

145 838 255 902 Testes
277 839 372 901 huius
394 837 439 900 rei
462 842 537 900 sunt
558 836 707 900 dominus
726 835 894 901 Hcrwicus
915 837 1070 921 plebanus
1090 839 1122 902 in
1145 837 1340 916 Dornborclr,
1367 839 1454 906 Hen-

146 931 234 992 ricus
263 929 300 992 de
325 928 566 992 sachsenhusen
595 933 625 990 et
650 925 835 991 Meinardus
862 927 948 991 filius
976 948 1069 1008 sune,
1099 929 1250 994 sibertus
1272 930 1310 994 de
1333 929 1454 994 Gebese

146 1028 179 1082 et
200 1019 351 1084 Albertus
376 1017 462 1081 filius
490 1017 647 1094 eiusdem,
674 1017 835 1081 Henricus
860 1018 898 1082 de
920 1017 1041 1084 Gebese
1070 1029 1101 1084 et
1128 1019 1287 1084 iohannes
1312 1021 1350 1084 de
1378 1019 1454 1084 Hol-

146 1110 295 1174 dertzen⁸
316 1108 477 1172 castellani
496 1107 624 1187 ibidem,
644 1108 740 1171 frater
759 1107 920 1171 Honricus
942 1108 1045 1172 dictus
1067 1109 1106 1173 de
1127 1109 1237 1190 Hellis,
1257 1110 1353 1174 frater
1374 1109 1454 1174 Onn-

145 1199 245 1263 radus
273 1197 377 1262 dictus
404 1197 442 1261 de
467 1197 622 1280 Heyslere
648 1205 679 1261 et
706 1198 801 1261 frater
825 1197 1004 1262 Fridericue
1036 1200 1139 1264 dictus
1170 1200 1208 1263 de
1240 1199 1454 1282 Wyssenseho

146 1289 296 1354 monachi
317 1290 352 1351 in
374 1288 482 1364 Porta,
508 1290 604 1351 frater
622 1287 781 1352 lohannes
806 1288 911 1351 dictus
939 1287 977 1352 de
999 1290 1153 1368 Bechere,
1182 1289 1277 1354 frater
1297 1289 1454 1354 Iohannes

145 1380 252 1443 dictus
281 1379 320 1442 de
341 1377 574 1442 Eckolfesstede
601 1383 632 1441 et
656 1379 753 1441 frater
772 1377 945 1442 Heinricus
971 1379 1074 1443 dictus
1094 1380 1132 1444 do
1153 1380 1359 1444 Scoueuerde
1380 1400 1454 1444 oon-

145 1471 232 1534 versi
252 1469 369 1532 ibidem
391 1475 423 1533 et
443 1489 539 1552 quam
561 1469 668 1552 plures
689 1469 743 1532 alii
765 1467 827 1531 fide
848 1468 943 1550 digni.

218 1607 230 1634 ⁸
251 1593 354 1661 1‘21t3b
373 1607 439 1657 tricet
458 1601 608 1658 Heinricus
626 1605 660 1656 dc
678 1602 786 1658 Gebeee
810 1609 838 1656 et
864 1601 1002 1658 iohannes
1027 1603 1062 1658 do
1081 1603 1255 1658 Holdcrezen
1283 1605 1455 1660 umnnelbar

143 1689 205 1755 aas
219 1686 365 1741 Hernicus
383 1681 519 1754 plebanus
536 1681 565 1736 in
582 1681 735 1753 Dornburg
762 1681 820 1735 und
842 1682 919 1736 doun
936 1689 990 1738 crat
1008 1681 1149 1739 Henricus
1167 1683 1201 1738 de
1220 1681 1453 1740 Sachsenhewsen

142 1787 172 1823 u.
183 1785 205 1824 e.
215 1784 248 1821 w.
267 1767 362 1836 solym.

143 1883 498 2026 manipulas.
1366 1926 1454 2008 sie.

230 2061 324 2141 Huyo
349 2079 408 2122 oon
429 2057 615 2122 Herbsleben
642 2058 801 2140 itbortrdpt
827 2057 895 2121 dein
920 2057 1047 2122 Kloetcr
1075 2060 1184 2140 Psorte
1210 2059 1291 2124 tiocia
1315 2045 1456 2142 Veritatis

187 2175 233 2216 rut
257 2151 317 2215 den
345 2147 513 2214 Verwotter
541 2147 595 2210 des
624 2147 836 2228 Ktostcrbofes
858 2146 959 2213 Vebru
988 2150 1047 2212 dos
1067 2149 1356 2230 Eipeutbumereoht
1381 2153 1456 2216 tiber

186 2246 279 2308 einen
301 2241 373 2322 Hos
387 2238 457 2302 und
480 2243 500 2302 6
523 2237 641 2301 Aeolrcr
664 2239 697 2301 in
717 2238 1012 2318 Wcrninpsbuueen.

300 2367 433 2423 Hamus:
452 2367 547 2422 rur.
575 2366 604 2420 1)
615 2357 667 2420 74¹¹
686 2366 863 2435 (acvenre).

299 2461 411 2518 Druen-
429 2460 565 2516 Dcntecb:
589 2460 673 2527 Wolff
689 2458 732 2524 11,
750 2462 809 2513 414.

229 2587 267 2651 In
289 2586 418 2650 nomine
435 2583 563 2648 domini.
597 2584 709 2647 Amen.
752 2582 800 2648 Ne
821 2603 866 2664 ee,
888 2604 950 2667 que
970 2587 1003 2647 in
1022 2589 1161 2668 ternpore
1173 2591 1339 2668 geruntur,
1359 2585 1455 2650 simul

140 2699 222 2744 cum
247 2683 386 2761 tempore
407 2680 582 2755 transeant,
603 2675 705 2738 solent
726 2674 901 2738 litterarum
922 2675 1112 2740 testimoniis
1133 2675 1328 2740 confirmare.
1370 2675 1456 2740 Hinc

140 2777 208 2846 est,
236 2767 320 2852 quod
342 2787 401 2830 nos
421 2765 518 2848 Hugo
539 2765 642 2828 dictus
663 2763 701 2827 de
727 2763 959 2845 Heruesleybin
981 2772 1089 2830 tenore
1110 2768 1310 2849 presencium
1331 2766 1456 2849 publice

139 2865 375 2944 protestamur,
402 2855 487 2940 quod
515 2855 554 2919 de
580 2874 737 2918 consensu
764 2855 901 2918 filiorum
933 2861 1129 2932 nostrorum,
1157 2857 1302 2922 videlicet
1325 2855 1456 2933 Alberti,

141 2950 328 3026 Iohannis⁸,
356 2947 515 3030 Hugonis,
540 2945 685 3028 religioso
708 2946 774 3008 viro
796 2943 939 3008 Conrado
961 2945 1043 3008 dicto
1065 2945 1214 3010 Ysenhut
1234 2949 1346 3011 rectori
1368 2948 1456 3012 curie

138 3042 184 3104 de
214 3039 298 3103 Vere
328 3035 531 3101 vendidimus
567 3055 664 3099 unam
693 3054 798 3098 aream
829 3035 860 3097 iu
889 3034 963 3097 villa
988 3033 1276 3116 worngosnusenr,
1312 3055 1407 3118 quani
1437 3055 1455 3098 a

140 3131 241 3194 nobis
259 3129 416 3192 lohannes
437 3127 531 3211 opilio
554 3125 693 3208 possidet
712 3126 781 3188 iuro
803 3125 998 3202 hereditario,
1015 3125 1189 3188 solventem
1210 3125 1345 3206 singuiis
1363 3126 1456 3188 annis

138 3223 154 3286 1
182 3219 327 3304 pullum,
356 3222 496 3301 preterea
523 3234 580 3278 sex
606 3234 698 3297 agros
727 3217 757 3277 iu
788 3215 907 3296 campis
932 3213 1073 3277 ciusdem
1102 3213 1185 3293 ville,
1210 3234 1291 3297 quos
1311 3235 1336 3276 *a
1364 3213 1455 3276 nobis

140 3309 324 3376 Heinricus
345 3307 494 3371 Doleator
523 3306 620 3369 simili
645 3307 715 3368 iure
743 3303 896 3386 possidet,
923 3303 1081 3368 solventes
1113 3304 1248 3386 singulis
1274 3304 1367 3366 aunis
1397 3323 1454 3367 sex

137 3399 296 3465 denarios
318 3397 533 3477 Erfurdenses,
561 3415 616 3479 pro
639 3395 740 3458 tribus
763 3393 938 3458 fertcnibus
959 3396 1094 3476 argenti,
1120 3414 1201 3477 quos
1223 3413 1281 3457 nos
1300 3395 1456 3476 recepisse

137 3501 173 3557 et
203 3492 237 3553 in
269 3509 346 3553 usus
370 3495 495 3552 nostroe
523 3486 643 3551 utiliter
670 3485 863 3549 convertisse
883 3483 1076 3568 profitemur.
1118 3483 1211 3548 Hauc
1232 3485 1329 3566 igitur
1349 3503 1455 3548 aream

136 3590 171 3647 et
207 3599 302 3663 agros
332 3599 404 3643 cum
438 3579 525 3642 ouini
557 3579 626 3642 iure
663 3581 694 3638 et
723 3575 863 3638 dominio
893 3581 924 3637 et
952 3575 1140 3658 proprietate
1172 3575 1392 3638 transferimus
1422 3576 1455 3636 in

137 3673 333 3737 Pcrtensem
362 3669 527 3734 ecclesiam
556 3672 723 3750 perpetuoc
751 3665 963 3748 possidendos.
1005 3663 1046 3728 Et
1074 3671 1108 3728 ut
1134 3684 1184 3744 ea,
1210 3685 1272 3748 que
1299 3665 1455 3747 prodictu¹¹

133 3767 236 3848 gesta
258 3765 350 3838 sunt,
370 3760 468 3824 robur
488 3759 652 3842 optineant
671 3756 844 3836 firmitatis,
872 3759 1049 3838 presentem
1071 3755 1207 3818 litteram
1226 3754 1362 3837 desuper
1382 3773 1455 3816 eon·

135 3854 298 3936 scriptam
330 3850 433 3932 sigillo
462 3855 568 3912 nostro
599 3847 733 3910 fecimus
764 3845 962 3908 communiri.
995 3844 1132 3908 'Actum
1170 3849 1202 3908 et
1232 3845 1340 3908 datum
1372 3864 1454 3907 enno

136 3942 272 4008 domini
294 3949 544 4017 MOOCXX11110,
564 3939 597 4000 in
619 3937 669 4001 die
687 3937 768 4000 beati
782 3935 880 3998 Marci
893 3935 1102 4015 ewangeliste.
1133 3935 1240 4000 Testes
1261 3935 1357 3998 huius
1379 3953 1455 3996 ven-

136 4032 285 4098 dicionis
316 4037 392 4095 sunt
420 4029 614 4109 H[einn'cus]
645 4035 676 4091 et
701 4026 933 4105 Th[eodericus]
964 4026 1074 4089 fratres
1107 4026 1144 4088 de
1169 4025 1455 4108 worngesnusenb,

136 4125 303 4190 Atbertue
330 4121 433 4184 dictus
461 4119 565 4184 Nacht
592 4119 630 4181 de
657 4116 880 4197 Emdcieybiu,
909 4114 1030 4198 Rapoto
1051 4116 1089 4179 de
1108 4115 1320 4188 Euidelcibin,
1344 4115 1455 4192 Htein-

135 4215 246 4290 ricus}
278 4212 316 4275 de
348 4210 521 4290 Korneref,
555 4207 789 4284 The[odericuel
822 4204 1072 4269 molendinarius
1104 4206 1142 4270 de
1172 4205 1455 4288 Werngesieybinss

134 4315 168 4372 et
192 4305 252 4369 alii
275 4321 372 4386 quarn
394 4301 500 4384 plures
520 4299 582 4362 fide
603 4297 700 4378 digni.

217 4429 231 4456 ²
254 4433 283 4482 et
301 4427 475 4496 binauprsdpt
494 4427 523 4480 D
611 4414 859 4492 bueringishusen
883 4421 913 4474 1)
1001 4421 1163 4492 ⁰perpetue
1182 4421 1211 4474 D
1299 4411 1455 4491 dpredicta

133 4513 210 4582 fehlt
233 4508 264 4562 D
334 4507 480 4562 ‘laeti
548 4496 743 4574 ‘KeyrnreT
810 4499 1054 4571 “weringisicibiu
1073 4501 1103 4555 D

682 4651 769 4658 --
794 4651 916 4658 .-„.‚‚-„-.
