3506 5148
675 405 796 466 Nrsct.
817 405 897 464 1345.v
943 411 944 416 ’
1383 403 1437 462 cle

134 557 234 622 dictos
254 578 382 623 mansos
403 561 590 641 curiamque
610 557 841 642 pertinentibus
869 567 904 620 a'c
926 557 1075 622 omnibus
1097 558 1164 622 suis
1187 557 1257 620 aliis
1278 561 1437 641 pertinen·

133 650 205 728 ciis,
232 649 357 713 iuribus
383 657 413 714 et
440 648 638 713 libertatibus
660 648 919 731 quibuscunque,
948 668 1010 732 que
1032 657 1090 712 bos
1111 654 1142 712 et
1163 654 1305 714 nostrum
1328 670 1437 716 mona·

133 741 263 802 sterium
288 741 440 802 hactenus
462 739 632 802 babuimus
653 741 688 801 in
711 739 830 802 mansis
851 744 883 800 et
903 739 991 800 cirria
1012 737 1179 821 prelibatis,
1202 758 1257 822 pro
1279 741 1437 824 quinqua-

132 830 220 910 ginta
248 834 279 893 et
305 847 362 892 sex
384 831 498 892 marcis
526 829 598 910 puri
629 830 750 910 argenti
772 828 919 911 ponderis
942 827 1143 892 Effordeusis
1166 826 1257 892 nobis
1279 834 1310 892 ct
1330 837 1437 894 nostro

135 920 323 982 monasterio
346 918 540 1000 integraliter
565 917 759 1000 ponderatis,
790 917 913 980 traditis
942 924 973 982 et
999 917 1111 981 solutis
1132 936 1190 980 nec
1212 937 1275 980 000
1296 920 1330 982 10
1354 922 1438 983 solu-

133 1009 257 1072 cionem
279 1007 455 1072 debitorum
479 1014 659 1071 nostrorum
682 1009 766 1072 etin
789 1007 966 1072 evidentem
989 1007 1155 1071 utilitatem
1175 1015 1206 1070 et
1220 1011 1437 1075 necessitatem

133 1098 234 1160 nostri
269 1099 452 1162 monasterii
485 1097 547 1160 iam
580 1098 750 1176 conversis,
781 1095 1003 1160 transferentes
1035 1097 1067 1158 in
1100 1097 1161 1159 biis
1193 1099 1317 1180 scriptis
1346 1099 1438 1181 pleno

134 1189 203 1250 iure
231 1189 450 1271 proprietatem
478 1193 509 1250 01
535 1188 712 1250 dominium
741 1187 819 1250 utile
846 1193 877 1250 et
905 1186 1057 1249 directum
1088 1206 1270 1250 mansorum
1300 1196 1331 1252 et
1351 1192 1438 1254 curie

135 1277 347 1360 predictorum
375 1280 408 1340 in
441 1279 492 1340 ius
525 1288 556 1340 et
583 1279 813 1359 possessionem
845 1277 965 1340 domini
997 1275 1174 1338 Hermanni
1203 1278 1334 1359 predicti
1364 1299 1436 1342 cum

134 1369 221 1432 omni
251 1368 382 1446 bonore,
409 1387 470 1430 usu
498 1375 529 1430 et
557 1367 701 1444 utilitate,
730 1385 792 1449 que
814 1365 905 1430 nobis
924 1372 956 1429 et
976 1373 1082 1428 nostro
1105 1368 1293 1430 monasterio
1314 1370 1349 1431 in
1370 1389 1437 1452 pre

135 1457 228 1520 dictis
256 1456 347 1520 bouis
376 1458 528 1522 hactenus
555 1457 777 1538 conpetebant,
805 1475 861 1539 per
890 1457 994 1538 ipsum
1023 1455 1188 1519 dominum
1214 1455 1437 1522 Hermannum

134 1553 166 1610 et
196 1567 306 1612 omnes
338 1548 418 1624 illos,
448 1546 566 1630 quibus
595 1546 734 1630 predicta
764 1545 848 1608 bona
877 1547 911 1608 10
941 1551 1004 1608 1010
1038 1545 1086 1609 vel
1118 1547 1150 1608 in
1182 1555 1270 1630 perte
1297 1549 1439 1626 vendere,

136 1639 254 1702 donare
285 1657 342 1702 seu
372 1637 476 1719 legare
507 1637 658 1716 voluerit,
689 1635 936 1720 quibuscunque
966 1637 1109 1718 personis
1141 1638 1359 1702 ecclesiasticis
1391 1640 1440 1704 vel

136 1728 308 1792 mundanis
329 1727 367 1791 de
390 1729 448 1790 boc
469 1747 593 1810 semper
614 1727 742 1791 habebit
758 1726 888 1790 liberem
911 1727 1101 1791 facultatem.
1144 1726 1268 1802 Quibus
1281 1732 1439 1798 ,omnibus

136 1820 394 1901 recognoscimus
415 1821 448 1881 in
470 1820 530 1882 biis
552 1821 688 1902 scriptia,
716 1824 747 1880 01
767 1837 820 1880 000
841 1837 896 1900 per
918 1822 1078 1899 presentes
1100 1819 1132 1880 iu
1154 1820 1346 1902 corporalem
1369 1840 1440 1903 pos·

134 1909 309 1972 sessionem
332 1910 491 1992 ponimus,
513 1909 650 1992 predicta
672 1909 753 1970 bona
774 1926 830 1992 per
850 1909 956 1989 ipsum
976 1913 1007 1971 et
1028 1927 1090 1983 cos,
1109 1909 1141 1969 in
1165 1929 1245 1991 quos
1266 1911 1340 1974 talia
1356 1911 1439 1974 bono

134 1997 306 2062 transferre
328 1999 473 2077 voluerit,
499 2000 570 2062 iure
594 1999 798 2082 proprietario
826 2004 974 2080 perpetuo
995 1997 1199 2079 possidenda,
1225 2002 1441 2080 promittentes

132 2088 311 2173 specialiter
330 2095 361 2151 et
381 2107 529 2171 expresse
551 2089 671 2152 dictum
692 2088 856 2151 dominum
879 2085 1101 2150 Hermannuur
1128 2095 1158 2150 et
1177 2107 1287 2152 omnes
1309 2109 1377 2170 eos,
1405 2091 1438 2154 iu

133 2199 217 2262 quos
238 2177 322 2241 bona
344 2178 463 2261 prelata
487 2179 656 2242 transferre
678 2179 850 2240 decreverit
870 2177 929 2240 sub
953 2196 1145 2260 quocunque
1168 2179 1271 2258 tytulo
1293 2181 1440 2262 superins

131 2287 292 2352 expresse,
313 2269 346 2330 in
369 2269 515 2352 predictis
537 2274 673 2350 quatuor
693 2270 813 2332 niensis
834 2273 865 2332 et
884 2268 955 2331 aliis
972 2266 1068 2330 rebus
1082 2267 1120 2330 ad
1138 2287 1191 2330 eos
1209 2270 1439 2351 pertinentibus

132 2358 312 2424 secundum
343 2357 605 2422 consuetudinem
636 2360 715 2422 iuris
750 2361 809 2422 rite
840 2365 870 2422 et
900 2357 1309 2422 iusticialiter'werendare
1339 2367 1370 2423 01
1399 2361 1438 2424 ab

132 2451 221 2512 omni
248 2449 453 2531 inpeticione,
479 2451 713 2532 inpugnacione
738 2469 795 2512 seu
815 2448 1019 2511 infestacione
1038 2449 1261 2530 cuiuscunque
1284 2468 1340 2512 seu
1364 2470 1441 2532 quo-

134 2557 338 2621 rumcunque
358 2539 547 2622 indempnes
568 2539 713 2618 reddere,
742 2541 848 2621 quitos
870 2540 997 2620 penitus
1018 2547 1048 2600 et
1070 2538 1203 2613 selerne,
1226 2541 1441 2621 promittentes

134 2628 255 2690 nichilo
277 2629 384 2691 minus
412 2647 467 2710 pro
489 2627 580 2690 nobis
602 2635 633 2690 ct
654 2629 770 2690 nostris
792 2626 1028 2690 successoribus
1051 2629 1208 2690 universis
1230 2627 1292 2690 fide
1313 2631 1441 2710 prestita

133 2718 291 2800 corporali
316 2726 425 2780 contra
452 2718 623 2802 predictam
645 2718 864 2780 vendicionem
887 2735 949 2779 uon
975 2718 1082 2779 venire
1107 2735 1162 2780 seu
1184 2717 1285 2780 facere
1306 2737 1362 2804 per
1384 2737 1442 2782 nos

134 2807 186 2870 vel
218 2826 274 2890 per
304 2808 382 2870 alios
412 2808 527 2871 directe
558 2807 607 2870 vel
635 2807 786 2870 indirecte
814 2808 928 2889 quovis
957 2807 1081 2889 quesite
1109 2806 1211 2870 colore
1238 2808 1363 2890 publice
1391 2809 1440 2871 vel

134 2897 268 2976 occulte,
289 2898 344 2961 sed
366 2899 473 2962 omnia
493 2905 524 2960 et
544 2898 670 2979 singula
690 2899 844 2980 premissa
865 2896 966 2975 firma,
987 2902 1054 2959 rate
1075 2905 1106 2959 et
1125 2905 1214 2978 grata
1228 2899 1315 2962 curui
1329 2900 1441 2962 fraude

133 2993 168 3052 et
193 2987 265 3050 dolo
296 2988 435 3052 exclusis
463 2989 589 3070 penitus
616 2988 790 3050 observare.
840 2985 1081 3050 Renuncismus
1106 2988 1238 3070 iusuper
1264 3009 1320 3070 pro
1349 2989 1441 3053 nobis

131 3087 168 3142 et
203 3080 320 3142 nostris
356 3078 594 3142 successoribus
627 3078 775 3140 omuibus
804 3078 934 3160 graciis,
965 3077 1151 3160 privilegiiS,
1182 3075 1379 3142 libertatibus
1412 3088 1442 3143 et

130 3169 250 3231 litteris
269 3167 361 3230 nobis
383 3168 433 3230 vel
454 3168 557 3230 ordini
579 3174 685 3230 nostro
706 3169 864 3228 concessis
885 3167 935 3229 vel
957 3168 1055 3230 eciam
1076 3168 1217 3230 inantea
1233 3168 1442 3234 concedendis

132 3277 280 3322 000000
303 3259 422 3320 accicni
445 3258 508 3320 doli
529 3258 614 3336 mali,
634 3257 754 3320 accioni
776 3258 809 3317 in
830 3257 965 3334 tactum,
993 3257 1143 3320 beneficio
1172 3259 1385 3321 restitucionis
1408 3261 1440 3322 in

131 3352 307 3430 integrum,
328 3350 509 3431 oxcepcioni
532 3367 594 3410 non
619 3352 782 3410 numerate
802 3347 946 3428 pecunie,
968 3367 1032 3408 000
1054 3348 1175 3424 tradite,
1203 3367 1264 3410 non
1287 3348 1388 3412 solute
1411 3357 1443 3412 et

127 3438 325 3524 generaliter
352 3440 440 3502 omni
465 3438 585 3502 auxilio
612 3439 692 3500 iuris
719 3442 780 3500 tam
804 3438 947 3499 cononici
971 3458 1065 3520 quam
1090 3439 1205 3516 civilis,
1235 3439 1352 3520 quibus
1374 3459 1442 3522 pre-

130 3531 222 3593 dicta
250 3529 393 3592 vendicio
421 3529 454 3591 in
481 3529 598 3592 iudicio
626 3528 675 3590 vel
706 3533 794 3590 extra
823 3533 928 3610 posset
949 3529 1072 3607 viciari,
1094 3529 1265 3612 inpugnari
1287 3549 1343 3593 sen
1366 3552 1444 3614 qno-

130 3619 311 3685 modolibet
331 3619 469 3702 infringi.
502 3619 775 3702 Speciticacioncm
798 3619 905 3694 eciam,
927 3620 1023 3680 situm
1047 3628 1077 3681 et
1099 3621 1269 3682 terminum
1286 3620 1441 3684 dictorum

128 3729 324 3774 mansorum
348 3709 465 3791 prelato
487 3709 614 3772 domino
636 3707 822 3771 Hermanno
844 3709 1093 3790 assignavimus,
1121 3717 1215 3790 prout
1244 3709 1377 3774 interius
1398 3718 1445 3775 est

126 3818 335 3884 expressum.
366 3797 406 3861 Et
428 3806 462 3862 ut
482 3799 621 3882 predicta
638 3797 831 3880 specifioecio
854 3800 922 3859 sine
944 3798 1030 3858 omni
1048 3799 1310 3879 tergiversacione
1327 3801 1443 3866 clarius

125 3889 269 3954 cuilibet
294 3897 455 3972 appareat,
483 3889 584 3970 ipsam
613 3889 646 3950 in
675 3885 779 3950 verbis
808 3885 993 3968 vulgaribus
1021 3887 1259 3968 exprimendam
1289 3889 1444 3955 duximus

126 3985 170 4046 in
194 3981 282 4042 bunc
302 3980 450 4042 modum:

219 4081 257 4144 lu
287 4081 357 4144 dem
384 4081 473 4144 velde
498 4101 581 4164 geyn
605 4077 844 4159 Hastinsleybin
875 4081 905 4142 10
935 4079 1007 4141 dem
1035 4080 1181 4160 wynlrele
1202 4101 1267 4142 cavv
1287 4083 1445 4166 gelcngin,

123 4175 180 4255 dy
206 4172 354 4235 bebaldin
379 4173 475 4236 czebn
498 4173 602 4234 aolvire
625 4171 709 4233 unde
731 4171 795 4231 siut
815 4170 928 4251 gelcyn
952 4169 1210 4250 11017001011000ι
1233 4173 1444 4238 0001110010-

120 4263 340 4344 leybin-cyn
364 4263 496 4326 setelecb
519 4263 602 4326 unde
622 4281 684 4341 epu
707 4261 825 4337 stuckc,
846 4261 900 4322 des
922 4263 987 4325 sint
1008 4262 1066 4324 dru
1088 4262 1201 4340 eckire,
1223 4263 1443 4342 byAndrewis

120 4353 232 4420 lande
253 4371 315 4414 von
330 4351 517 4436 Hopfgartin
535 4373 610 4434 -eyn
634 4352 739 4432 ackyr,
760 4351 815 4414 der
837 4353 930 4414 stczit
952 4352 988 4415 uf
1005 4351 1148 4414 Hencain
1172 4353 1248 4416 bern
1266 4355 1443 4420 1100011110-

119 4464 200 4527 eyn
223 4442 322 4504 strilrb
347 4443 388 4524 by
409 4443 568 4506 Henricbe
587 4443 713 4520 Beckin,
735 4443 789 4504 des
811 4443 874 4504 sint
895 4442 953 4506 drn
977 4443 1252 4522 virteyl-czvveue
1274 4445 1378 4506 aclire
1403 4446 1441 4527 by

119 4538 199 4600 den
232 4532 455 4596 kornbuln-in
489 4535 560 4597 deni
593 4535 683 4614 rytbe
715 4533 775 4596 dru
805 4533 909 4594 aokire
943 4533 1026 4594 unde
1055 4553 1117 4614 eyn
1152 4533 1278 4613 virteyl;
1304 4537 1344 4620 in
1372 4537 1443 4600 dem

1192 4659 1243 4714 34*
