3506 5148
703 408 931 466 Urkundenbuch
948 409 997 464 des
1016 407 1141 463 Klosters
1161 407 1262 464 Psorte.

483 557 618 613 narem:
638 551 754 614 rarrb.
779 551 876 614 Dorob
895 559 947 627 (ar.
963 559 1180 628 archanenses)
1200 560 1249 615 aaa
1267 559 1443 628 Kampos.

480 647 591 702 Druck:
610 647 742 702 omum:
764 647 851 715 Wolff
864 648 906 715 II,
925 651 984 702 442.

410 789 448 852 In
476 789 604 854 nomine
633 790 766 854 dominii
792 791 906 854 Amen.
953 789 1019 854 Nes
1043 789 1207 853 Conradus
1234 788 1341 868 mileS,
1370 789 1577 856 Hermaunus
1605 799 1638 858 et

333 879 477 943 Vlrieus⁸
507 879 618 944 tratres
646 881 741 944 dietih
762 881 891 945 Worme
912 887 1087 945 castrenses
1108 881 1140 943 iu
1163 879 1357 944 Bodelstete⁶
1378 885 1637 964 recognoscimus

331 976 361 1033 et
382 969 581 1054 presentibus
602 971 727 1054 publice
747 971 945 1055 profitemur,
966 972 1065 1056 quod,
1084 992 1157 1035 cum
1180 970 1255 1034 olim
1276 972 1413 1056 religiosi
1433 974 1492 1035 viri
1514 972 1637 1037 domiui

331 1059 427 1123 abbas
454 1069 484 1124 et
510 1067 686 1125 conventus
713 1065 897 1126 monasterii
917 1061 1079 1126 Portensis
1108 1061 1227 1125 ordinis
1254 1062 1469 1126 Cisteroiensis
1495 1070 1526 1126 et
1553 1063 1638 1127 bone

331 1153 482 1215 memorio
508 1151 718 1215 Theodericus
757 1153 859 1216 dictus
890 1151 1001 1216 Worm
1032 1159 1121 1237 pater
1148 1159 1254 1216 nostor
1286 1154 1346 1216 tria
1376 1153 1532 1236 quartalia
1560 1155 1637 1219 ville

329 1241 592 1305 Sstchsenhusend
618 1247 649 1305 et
673 1241 757 1304 bona
782 1243 844 1306 alia
872 1241 989 1306 ibidem
1016 1245 1048 1305 iu
1077 1243 1151 1306 villa
1179 1249 1209 1306 et
1237 1245 1357 1326 campis
1385 1244 1458 1308 ville
1479 1246 1540 1308 sita
1559 1265 1636 1308 oum

330 1329 479 1394 omnibus
509 1333 576 1395 suis
603 1331 728 1396 iuribus
753 1339 784 1396 et
810 1334 1017 1415 pertinentiis,
1043 1333 1193 1398 dominus
1218 1333 1315 1396 abbas
1337 1334 1482 1398 videlicet
1509 1341 1541 1399 et
1561 1356 1636 1398 eon-

332 1427 445 1485 ventus
472 1442 527 1504 pro
553 1423 667 1500 tertia,
682 1428 771 1505 pater
796 1442 870 1485 vero
899 1429 1005 1486 noster
1032 1424 1191 1506 predictus
1217 1443 1273 1505 pro
1300 1423 1425 1488 duabus
1452 1424 1598 1506 partibus
1619 1449 1636 1488 a

329 1513 491 1576 strennuis
518 1513 594 1574 viris
619 1512 756 1576 dominis
781 1512 970 1576 Theoderico
998 1518 1028 1576 et
1054 1511 1203 1576 Bertoldo
1231 1513 1438 1576 vicedominis
1458 1515 1492 1578 in
1514 1516 1637 1598 Apoldc

329 1603 497 1686 emptionis
523 1602 614 1664 titulo
643 1609 890 1685 comparassent,
914 1611 1008 1685 prout
1034 1604 1066 1665 in
1096 1603 1209 1666 litteris
1239 1603 1410 1666 eorundem
1432 1604 1635 1668 dominorum

331 1692 599 1756 vicedominorum
619 1691 754 1774 desuper
774 1694 960 1775 conscriptis
981 1693 1107 1775 plenius
1127 1694 1315 1772 continetur,
1341 1713 1401 1756 nos
1420 1693 1530 1776 prefati
1554 1698 1635 1778 patri

329 1789 436 1847 nostro
464 1789 500 1846 ut
526 1782 656 1846 heredes
683 1784 892 1866 proximiores
919 1790 950 1846 et
982 1785 1076 1846 etiam
1108 1784 1141 1846 in
1169 1783 1260 1846 bonis
1286 1784 1383 1846 huius
1409 1784 1493 1847 modi
1527 1805 1635 1849 sucee-

330 1874 438 1936 dentes
465 1873 632 1937 accedente
659 1873 698 1935 ad
729 1873 950 1936 hostiliorum
980 1875 1057 1950 mei,
1086 1872 1234 1952 Conradi,
1262 1879 1293 1936 et
1318 1873 1450 1936 ahorum
1480 1874 1635 1940 heredum

330 1968 509 2027 nostrorum
538 1962 732 2045 beneplacito
757 1969 788 2026 et
817 1983 988 2042 consensu,
1019 1969 1072 2026 ut⁰
1101 1963 1218 2045 prefata
1240 1964 1323 2026 bona
1343 1965 1545 2046 proportione
1567 1986 1635 2048 pre-

330 2054 413 2117 dicta
438 2055 475 2117 ad
504 2053 665 2137 quondam
695 2053 813 2116 dictum
842 2061 963 2136 patrem
989 2059 1136 2117 nostrum
1164 2053 1264 2117 acad
1293 2073 1350 2116 nos
1372 2072 1413 2116 ex
1433 2057 1635 2119 successione

330 2144 427 2208 huius
453 2144 538 2207 modi
567 2145 769 2226 pertinentia,
797 2165 860 2228 que
886 2165 905 2208 a
930 2144 1049 2229 prefato
1078 2144 1205 2206 domino
1233 2142 1345 2206 abbate
1376 2163 1480 2226 usque
1510 2145 1552 2208 ad
1580 2147 1635 2209 hec

329 2239 470 2317 tempora
496 2237 659 2298 tenuimus
687 2242 717 2300 et
742 2234 982 2319 possidebamus
1009 2232 1210 2313 infandum,
1239 2251 1312 2295 cum
1335 2234 1502 2315 sanguinis
1524 2236 1636 2298 etalio

329 2324 545 2388 iurisdictione
563 2326 608 2388 ets
627 2326 697 2388 aliis
719 2327 786 2390 suis
807 2326 932 2389 iuribus
953 2332 985 2389 et
1004 2324 1203 2408 pertinentiis
1227 2322 1386 2386 universis
1406 2323 1483 2387 illis:
1507 2325 1637 2404 honore,

327 2417 396 2479 iure
423 2421 452 2477 ot
478 2415 626 2494 utilitate,
653 2416 771 2498 quibus
798 2416 929 2480 anobis
959 2414 1122 2497 usquead
1146 2413 1204 2476 hee
1225 2418 1366 2496 tempora
1386 2419 1462 2476 sunt
1481 2433 1635 2496 possessa,

328 2505 530 2569 vendidimus
558 2511 589 2570 et
618 2506 806 2570 tradidimus
832 2507 981 2588 predictis
1008 2505 1146 2568 dominis
1172 2503 1277 2566 abbati
1299 2508 1331 2567 et
1360 2509 1534 2570 conventui
1561 2507 1636 2570 dicti

328 2597 378 2660 sui
406 2597 588 2660 monasterii
616 2598 746 2660 nomine
769 2595 949 2660 ementibus
977 2600 1008 2659 et
1027 2593 1252 2677 recipientibus
1272 2613 1310 2657 ae
1327 2595 1497 2659 vendimus
1519 2605 1551 2659 et
1573 2603 1634 2661 tra-

327 2687 433 2749 dimus
462 2706 517 2768 per
545 2692 722 2769 presentes,
750 2688 947 2770 resignantes
975 2686 1058 2749 dicto
1085 2685 1213 2748 domino
1235 2683 1341 2748 abbati
1362 2691 1527 2768 tamquam
1548 2687 1635 2751 feudi

327 2777 455 2840 domine
484 2777 567 2840 bena
592 2777 731 2861 predicta
756 2784 786 2842 et
813 2795 908 2840 omne
933 2778 984 2839 ius
1011 2774 1104 2838 nobis
1124 2781 1306 2857 competens
1327 2777 1362 2838 in
1383 2775 1514 2854 eisdem,
1536 2778 1637 2861 ipsos·

328 2887 389 2950 que
419 2869 454 2930 in
488 2871 718 2950 possessionem
757 2869 914 2931 dictorum
944 2865 1103 2928 bonerum
1133 2865 1322 2930 induximus
1352 2865 1547 2948 corporalem
1580 2889 1637 2951 pro

326 2959 430 3040 precio
451 2959 624 3039 nonaginta
644 2977 823 3021 marcarum
845 2958 917 3040 puri
938 2957 1059 3038 argenti
1080 2957 1226 3039 puritatis
1247 2962 1279 3020 et
1299 2956 1447 3039 ponderis
1463 2955 1637 3023 Erforden·

326 3049 411 3110 sium
439 3047 531 3110 nobis
561 3049 658 3112 huius
684 3050 769 3112 modi
795 3049 937 3131 precium
967 3065 1079 3110 verum
1106 3053 1137 3110 et
1164 3047 1286 3110 iustum
1307 3045 1536 3112 arbitrantibus
1555 3050 1637 3114 inte·

326 3137 454 3220 graliter
476 3139 643 3219 persoluto.
675 3139 821 3203 Ceterum
845 3139 1021 3202 contractui
1043 3138 1181 3221 prediolo
1203 3136 1379 3218 specialiter
1401 3137 1636 3218 estadiectum,

329 3228 414 3309 quod
442 3247 499 3290 nes
527 3233 558 3290 et
578 3231 678 3292 nostri
699 3230 829 3294 heredes
850 3249 906 3312 per
926 3247 984 3290 nes
1005 3229 1091 3310 ipsos
1113 3233 1144 3291 et
1163 3246 1229 3290 non
1249 3247 1415 3310 personam
1439 3227 1637 3294 submissam

328 3338 365 3380 ae
395 3323 503 3380 nostra
532 3319 657 3402 propria
686 3322 821 3402 pecunia
851 3325 883 3383 et
912 3339 977 3382 non
1004 3319 1107 3381 aliena
1131 3317 1249 3400 prefata
1277 3316 1361 3380 bona
1390 3321 1555 3384 reemendi
1583 3342 1638 3405 pro

328 3409 410 3471 dieto
439 3410 543 3491 precio
570 3410 653 3472 intra
675 3412 922 3493 quadriennium
944 3412 1029 3473 circa
1048 3410 1166 3473 festum
1187 3409 1289 3471 saneti
1307 3407 1430 3472 Nicolai
1447 3415 1578 3475 tantum
1601 3421 1638 3474 a‘

327 3498 399 3562 data
428 3500 623 3581 presentium
649 3503 800 3565 continue
826 3501 1058 3565 numerandum
1091 3498 1206 3562 habere
1233 3497 1419 3563 debebimus
1446 3519 1487 3564 ex
1508 3501 1639 3583 speciali

326 3589 432 3670 gracia
454 3586 545 3652 nobis
566 3607 716 3652 concessa
737 3610 756 3652 a
778 3590 890 3654 (lictish
911 3588 1107 3673 emptoribus
1128 3607 1223 3672 super
1244 3607 1280 3652 eo
1297 3588 1428 3652 liberam
1444 3589 1640 3668 facultatem,

327 3681 372 3740 sic
404 3684 527 3757 tamen,
555 3679 640 3761 quod
671 3680 753 3743 dieta
780 3681 973 3763 reemptione
1000 3681 1082 3742 taeta
1111 3697 1170 3741 nos
1197 3679 1248 3742 rel
1277 3681 1376 3743 nostri
1397 3679 1531 3744 heredes
1554 3681 1639 3744 dieta

327 3767 410 3830 bena
429 3768 646 3850 possideamus
672 3788 732 3832 nec
752 3771 786 3833 in
806 3771 951 3833 fraudem
972 3777 1027 3834 aut
1047 3769 1255 3853 preiuditium
1277 3770 1432 3833 (lictorum
1454 3777 1640 3854 emptorum

326 3858 359 3920 in
382 3877 531 3940 personas
552 3857 630 3922 alias
645 3860 881 3936 transteramus,
902 3859 989 3942 lapso
1006 3879 1080 3924 vero
1094 3859 1303 3942 quadriennio
1319 3859 1458 3943 predicto
1473 3862 1639 3926 reemeudi

326 3952 463 4029 potestas
489 3947 581 4010 nobis
608 3954 639 4012 et
667 3951 783 4014 nostris
811 3949 981 4013 heredibus
1012 3951 1139 4032 penitus
1172 3951 1212 4013 sit
1241 3947 1375 4014 sublata.
1424 3948 1642 4016 Promisimus

327 4036 445 4100 nichilo
470 4038 589 4100 minus¹
617 4059 673 4122 pro
702 4039 794 4103 nobis
820 4041 1001 4122 nostrisque
1031 4039 1202 4102 heredibus
1233 4039 1337 4102 diotol
1369 4038 1499 4104 domino
1530 4041 1643 4106 abbati

327 4128 399 4190 suo¹
425 4147 461 4188 ae
487 4127 643 4192 dictorum
672 4137 851 4194 conventus
879 4138 910 4192 et
935 4131 1119 4194 monasterii
1144 4149 1276 4194 suorum
1309 4131 1440 4194 nomine
1468 4131 1641 4214 stipulanti

327 4236 385 4279 nos
406 4222 461 4279 aut
480 4225 605 4281 nostros
627 4218 758 4282 heredes
780 4239 875 4302 super
896 4220 987 4282 dictis
1002 4219 1095 4282 bonis
1118 4219 1235 4282 eisdem
1258 4219 1455 4302 emptoribus
1469 4219 1564 4285 litem
1583 4243 1641 4286 scu

325 4309 573 4370 controversiam
602 4327 668 4370 non
695 4309 811 4372 inferre
840 4315 896 4372 aut
921 4310 1070 4373 inferenti
1096 4311 1289 4389 consentire,
1314 4309 1370 4374 sed
1389 4311 1478 4392 ipsos
1499 4314 1641 4376 auetori-

326 4407 422 4460 sarem
443 4396 482 4460 de
510 4397 602 4460 dictis
629 4397 722 4461 bonis
743 4404 774 4462 et
794 4399 993 4463 iusticialiter
1013 4398 1197 4462 warnndare
1214 4418 1250 4462 ac
1271 4399 1310 4462 ab
1332 4400 1538 4482 impeticione
1562 4423 1641 4485 quo-

326 4486 475 4549 rumlibet
505 4487 636 4551 reddere
668 4488 783 4552 liberos
815 4495 846 4552 et
876 4490 1063 4572 indempnes
1094 4508 1210 4572 meque
1241 4487 1422 4554 Oonrndum
1458 4491 1641 4575 predictum

327 4575 546 4646 ordinaturum
579 4585 632 4642 etn
663 4583 921 4661 procuraturum,
964 4579 1048 4669 quod
1082 4580 1178 4644 dioti⁰
1208 4577 1417 4647 Hermannus
1448 4586 1481 4644 et
1507 4578 1641 4646 Vtricus
