3402 5152
245 391 297 450 418
558 369 561 381 .
619 393 849 452 [lrlrundenbuch
867 395 915 452 dea
934 393 1060 453 Kloaters
1080 393 1182 454 Piorte.

246 547 298 609 die
310 545 392 610 Zabl
413 547 468 610 der·
480 545 594 628 Hasce
615 548 649 610 in
671 546 867 612 Taascbwila
886 549 973 611 nicht
993 548 1165 628 onpapebeu
1180 545 1262 610 sind
1294 546 1336 610 Ia
1351 546 1537 630 canapa-

246 637 493 794 laegZellsllthcm
519 638 630 718 udlliqe
650 639 835 715 Glctcbtclt·
865 660 930 702 aar
961 639 1002 702 ist
1027 659 1069 703 aa
1097 639 1256 703 Iohannes
1282 637 1483 722 lainaapesilpl
1506 645 1538 707 de

245 949 263 1010 d
325 855 443 920 Datum
476 875 560 918 anno
592 855 712 920 domini
745 865 977 934 M⁰GCO⁰XH⁰‚
1004 866 1121 922 ΧΥΙΙΙο
1148 857 1299 922 kalendas
1320 857 1473 940 Ianuarii,
1498 863 1539 924 iu-

266 950 382 1012 ictione
402 957 450 1010 Xe

775 1085 1023 1092 ffl—

247 1162 356 1244 rara.
383 1160 567 1244 ‚runnu
1198 1203 1199 1206 κ
1456 1165 1539 1246 ua.

327 1309 465 1374 Koarad
493 1328 552 1372 von
583 1306 770 1390 Golmsdorf
793 1307 863 1370 acad
889 1308 974 1372 seina
991 1306 1116 1372 Vellera
1136 1305 1300 1384 Heinrich,
1322 1305 1464 1372 Dielriclr
1483 1311 1543 1372 rand

287 1399 430 1468 Koarad
444 1419 503 1462 oon
528 1397 715 1479 Goluasdorf
739 1397 987 1461 etennensium
1010 1397 1134 1460 Klostcr
1155 1399 1264 1479 Psorle
1283 1397 1343 1460 das
1365 1397 1545 1463 Bestiareclrt

286 1511 330 1554 aa
354 1490 502 1570 gewissen
524 1488 665 1552 Aeclocrn
686 1488 733 1552 bel
754 1487 966 1568 Porsleadorf,
995 1488 1055 1552 das
1081 1488 1127 1550 sie
1155 1487 1324 1550 denasclben
1355 1489 1473 1569 streilip
1500 1511 1547 1569 pe-

285 1581 512 1657 mandibulam,
533 1579 615 1644 nael
635 1578 979 1642 sclrlalsrlctterllcbem
999 1577 1138 1658 Smuolae
1156 1597 1207 1643 aa.
1287 1583 1288 1586 ’

354 1752 356 1757 ·
396 1713 531 1769 Hdsclrrs
553 1707 661 1773 TW.

395 1807 508 1864 mana:
525 1807 660 1862 Deutaclr:
683 1808 768 1875 Wolff
775 1807 818 1872 ΙΙ,
836 1810 897 1862 349.

324 1941 393 2026 Ego
410 1941 575 2006 Conrudus
597 1942 700 2006 dictus
723 1942 760 2004 da
772 1941 994 2004 Golamestorff
1012 1945 1043 2004 et
1064 1961 1122 2004 uos
1135 1939 1320 2020 Heinricusg
1335 1939 1552 2018 Theodericus,

246 2033 410 2096 Conradus
440 2032 596 2117 patrueles
622 2032 762 2096 eiusdem
787 2031 922 2094 Couradi
953 2031 992 2094 de
1018 2032 1087 2113 ipsa
1114 2031 1189 2094 villa
1210 2029 1434 2096 Golamestorlf
1452 2035 1553 2096 norni-

245 2124 311 2186 nati
337 2122 441 2184 lucide
467 2124 724 2204 recognoscimus
747 2120 796 2202 [et]
825 2122 864 2184 ad
886 2123 1035 2186 noticiam
1062 2127 1125 2184 tam
1153 2122 1334 2186 futurorum
1365 2143 1461 2206 quam
1483 2143 1551 2206 pre-

246 2214 394 2291 sentium,
416 2212 535 2295 quibus
553 2213 731 2276 exhibitum
753 2211 869 2290 [fuerit]
893 2231 1022 2295 presens
1044 2213 1206 2296 scriptum,
1227 2213 1376 2294 cupimus
1397 2213 1555 2290 devenire,

246 2303 346 2386 quod,
376 2322 448 2366 cunr
477 2305 562 2366 viros
585 2303 748 2386 religiosos
769 2302 935 2364 domiuum
957 2302 1124 2364 Alberturu
1145 2301 1291 2365 abbatem
1314 2311 1345 2364 et
1364 2322 1459 2366 suum
1478 2322 1554 2366 cou-

186 2397 190 2406 ’
247 2398 377 2458 uantum
400 2393 439 2455 de
465 2391 555 2456 Porta
577 2398 684 2455 nostra
706 2393 895 2474 inpeticione
916 2390 1116 2474 pulsaremus
1138 2411 1233 2476 super
1254 2391 1444 2474 quibusdam
1468 2395 1556 2476 agris

245 2485 314 2547 sitis
335 2485 367 2546 in
390 2483 506 2565 angulo
528 2482 588 2546 sub
610 2483 699 2546 curia
713 2481 922 2562 Bursendorff,
941 2481 998 2544 ubi
1021 2487 1153 2564 uterque
1176 2486 1298 2544 meatus
1319 2479 1463 2544 fluminis
1480 2481 1559 2564 Sale

244 2572 385 2652 conlluit,
406 2573 473 2636 dies
495 2573 599 2656 placiti
621 2575 801 2655 assignatus
823 2578 853 2635 et
874 2572 1002 2636 habitus
1024 2575 1071 2634 est
1092 2573 1175 2634 iuter
1195 2591 1254 2634 uos
1275 2572 1309 2634 iu
1331 2571 1558 2636 curiaOoseue

244 2663 445 2726 Portcnsium
465 2663 687 2746 predictorum.
730 2661 851 2725 Verum
876 2661 1044 2724 Wirnhero
1067 2659 1275 2724 Ourcewrunt
1296 2666 1326 2724 et
1347 2661 1441 2724 Petro
1470 2661 1559 2724 dicto

243 2753 316 2816 Nail
337 2752 570 2835 deTuteuburg
591 2754 700 2816 amicis
723 2755 838 2816 nostris
860 2754 1010 2816 meritum
1031 2751 1129 2814 liuius
1148 2770 1246 2832 cause
1267 2771 1323 2834 pro
1341 2759 1449 2816 nostru
1465 2761 1560 2836 parte

244 2843 410 2926 diligenter
431 2842 676 2906 discutientibus
698 2841 960 2905 abiudicaveruut
982 2842 1062 2924 parti
1079 2845 1188 2922 nostro
1202 2860 1261 2904 nec
1276 2840 1375 2904 ullam
1392 2843 1559 2905 iusticiam

243 2952 302 2996 nos
322 2935 355 3014 iu
378 2933 462 3014 agris
483 2932 580 2995 huius
601 2930 705 2994 ruodi²
726 2931 893 3013 possidere.
927 2929 1030 3013 Igitur
1050 2932 1267 3013 conpositione
1289 2931 1448 2994 amicabili
1472 2931 1562 2996 lacta

243 3015 544 3085 abrenunciavimus
569 3023 656 3084 omni
677 3022 748 3101 iuri,
770 3019 969 3104 quoduobis
990 3022 1022 3083 iu
1045 3020 1164 3084 eisdem
1181 3023 1265 3104 agris
1284 3028 1451 3105 conpetere
1466 3023 1563 3086 avide-

243 3113 349 3193 batur,
377 3114 540 3196 cupientes
569 3113 724 3195 predictos
752 3113 898 3175 dominos
925 3111 963 3174 de
991 3109 1084 3174 Porta
1110 3111 1202 3174 omni
1222 3113 1409 3186 vexationet
1439 3119 1563 3191 amota,

244 3223 309 3285 que
335 3205 367 3265 iu
391 3208 551 3284 posterum
577 3201 708 3266 fortasse
729 3221 825 3285 super
846 3202 905 3265 hae
926 3221 1023 3264 causa
1044 3202 1145 3284 sopita
1167 3201 1304 3265 suboriri
1326 3207 1449 3284 posset,
1479 3223 1564 3286 sepe

243 3295 343 3356 dictos
364 3313 456 3375 agros
477 3293 594 3356 directo
618 3292 758 3356 duminio
780 3312 853 3354 cum
876 3293 963 3354 omni
984 3293 1055 3355 iure
1072 3292 1270 3374 proprietatis
1287 3293 1405 3356 eisdem
1422 3295 1565 3356 acomi-

244 3383 328 3445 tibus
358 3383 396 3445 de
428 3381 587 3446 Osteruelt
616 3382 727 3445 collato
760 3384 865 3466 quieta
895 3389 926 3445 et
957 3381 1085 3465 pacifice
1111 3388 1261 3466 perpetuo
1288 3383 1460 3465 possidere.
1507 3383 1563 3444 Ad

243 3473 437 3536 evidenciam
464 3473 560 3535 huius
588 3472 660 3534 facti
689 3478 719 3535 et
745 3478 891 3536 nostrum
916 3492 1107 3536 consensum
1138 3472 1264 3536 firmius
1295 3473 1566 3556 exprimendum,

244 3565 319 3646 quia
341 3564 445 3645 sigillo
466 3565 591 3646 proprio
613 3582 772 3643 caremus,
793 3563 913 3625 domini
935 3563 1086 3626 lobannis
1106 3562 1145 3626 de
1165 3561 1422 3643 Heruersleybeu
1449 3561 1565 3644 sigillo

243 3661 274 3716 et
294 3653 436 3718 Heinrici
459 3655 534 3716 dicti
555 3653 594 3716 de
612 3651 788 3717 ltleclreldcc
811 3653 913 3736 sigillo
935 3654 1073 3736 prasenti
1095 3653 1200 3734 littere
1220 3654 1369 3737 appensis
1389 3673 1445 3736 pro
1469 3651 1568 3716 fideli

242 3745 422 3807 testimonio
445 3746 495 3806 usi
517 3763 640 3808 sumus.
681 3743 787 3808 Testes
815 3745 911 3807 huius
939 3745 984 3806 rei
1014 3751 1090 3806 sunt
1111 3742 1285 3807 Wemerus
1313 3744 1417 3807 dictus
1438 3741 1568 3805 Carce-

243 3839 347 3899 wrunt
378 3840 409 3898 et
441 3832 553 3898 Petrus
585 3833 655 3897 Nail
688 3835 727 3897 de
755 3833 941 3916 Tutenburg
972 3854 1068 3917 supra
1096 3833 1185 3912 dicti,
1216 3835 1292 3898 item
1321 3831 1484 3897 Gouradus
1513 3829 1570 3892 de

243 3923 417 4005 Muclrolde,
437 3923 551 3988 Petrus
572 3926 610 3988 de
631 3924 803 4005 Nyschyta‚
825 3925 1005 3988 Fridericus
1030 3925 1133 3988 dictus
1153 3924 1192 3987 de
1207 3923 1323 4002 Monte,
1345 3923 1569 3986 Hermaunus

243 4015 281 4078 de
309 4014 436 4078 Scuditz
468 4015 628 4078 castellani
654 4017 688 4077 in
715 4021 818 4078 castro
843 4014 1120 4098 Rutelaybesburg
1146 4016 1179 4077 iu
1208 4015 1268 4078 boc
1296 4015 1408 4098 placito
1434 4017 1465 4074 et
1487 4009 1572 4071 hae

242 4106 457 4188 conpositione
489 4107 660 4168 existentes
692 4111 722 4168 et
753 4106 807 4168 alii
838 4125 934 4188 quam
962 4105 1069 4188 plures
1098 4103 1159 4167 fide
1188 4104 1283 4188 digni.
1326 4103 1437 4167 Datum
1460 4117 1573 4161 enno

243 4195 363 4259 domini
385 4205 614 4276 ll⁰uCC⁰Xssl,
636 4198 668 4257 in
691 4195 741 4258 die
762 4195 846 4258 beati
870 4194 934 4257 Viti
957 4197 1103 4258 martiris.

313 4341 452 4396 'huiusoi
523 4333 694 4398 bcertationi
765 4343 871 4397 cOdor
886 4343 1032 4397 Mochelde

767 4542 1019 4550 Μῄ-
