3392 5150
568 412 618 471 Nr.
632 413 779 469 aea-348.
801 413 875 471 1300.
1326 409 1378 467 333

86 565 169 628 scribi
198 566 333 629 fecimus
365 571 397 628 et
430 567 528 629 nostri
558 565 653 648 sigilli
682 563 796 628 robore
828 563 1027 627 communiri.
1075 562 1183 627 Huius
1211 565 1256 626 rei
1283 570 1379 629 testes

86 661 148 717 sunt
168 654 303 718 Mathias
325 662 357 719 et
373 655 564 718 Wilhelmus
585 659 691 718 nostre
713 656 801 717 curie
822 653 953 733 notarii,
975 653 1159 716 (lantherus
1181 653 1220 717 de
1241 653 1393 732 Ilznikb,

85 744 465 821 TheodericusWaltman,
485 743 697 808 Theodericus
718 744 758 806 de
774 743 882 822 Melre,
904 743 1062 824 Bertogus
1083 743 1121 806 de
1134 743 1242 806 Varila
1263 745 1379 808 milites

87 835 174 896 noshi
202 845 233 898 et
262 835 315 896 alii
344 853 440 916 qnam
467 834 574 916 plures
600 833 665 896 fide
692 833 788 916 digni.
830 831 947 895 Datum
976 838 1008 894 et
1029 839 1133 894 actum
1155 834 1189 895 in
1210 833 1380 916 wartberg

87 943 158 985 arrno
180 924 300 986 domini
321 933 467 1000 11011110,
484 933 530 985 X⁰
551 922 703 985 kalendas
725 923 876 1004 Augusti,
897 921 1069 984 indictione
1091 923 1189 985 tercia
1209 923 1339 986 decima.

143 1040 156 1069 ²
175 1037 278 1110 vigenti
350 1029 469 1108 t'Lynic

627 1129 875 1138 m

92 1259 199 1344 raon.
224 1247 321 1340 auu
343 1253 407 1390 aa.
435 1253 746 1358 nucerianum.
786 1369 793 1386 ι
1287 1259 1379 1342 348.

160 1392 330 1457 Batradis
350 1391 506 1468 Abtt‘ssia,
535 1391 648 1471 Sophia
675 1389 837 1472 Propon,
866 1389 1013 1470 Irmpord
1029 1391 1205 1456 Derbentio
1233 1393 1302 1457 und
1326 1397 1382 1460 der

119 1487 257 1548 Kenvent
277 1484 330 1547 des
351 1479 615 1546 Nenncnhleslers
635 1501 676 1546 zu
700 1481 913 1562 Quodllnburp
932 1479 1042 1544 theilcn
1063 1481 1123 1544 den
1145 1481 1292 1547 Scaieren
1314 1489 1382 1550 ond

100 1647 104 1654 ⁴
119 1573 324 1638 Einwohnern
336 1573 391 1636 der
405 1569 523 1651 Ddrfer
532 1571 695 1647 Idebstedt
710 1569 909 1651 Rodipsders',
922 1567 1105 1646 Dornstcdt,
1122 1570 1226 1650 Salsa,
1242 1572 1381 1640 Hesscn-

119 1665 235 1726 heusen
260 1662 329 1725 und
358 1660 561 1724 Rcbehousen
589 1663 660 1730 mit.
690 1660 764 1724 dass
788 1661 834 1722 sie
861 1660 926 1722 ihre
945 1659 1084 1740 doatipcn
1105 1661 1316 1744 Basileonpen
1337 1685 1381 1728 aa

120 1756 175 1814 des
196 1751 322 1815 Ktestcr
344 1750 451 1833 Psote
472 1751 618 1832 vetanti
641 1749 753 1825 haben,
781 1749 850 1812 aad
867 1749 1031 1812 emwdscn
1051 1750 1096 1812 sa'c
1115 1751 1172 1814 anit
1191 1751 1279 1816 ihren
1309 1753 1381 1818 Ver-

116 1842 328 1922 pltichtunpen
349 1840 552 1904 (aleatores.
593 1839 655 1920 Vol.
678 1837 738 1902 Nr.
753 1841 934 1902 345-347.

228 1981 362 2114 Hdpcohrs
386 1979 460 2112 953
482 1977 809 2048 (te.Qued1ingenburg)
827 1977 886 2030 mad
903 1977 1039 2031 aoehnrela
1057 1971 1128 2032 104l
1144 1981 1197 2046 (tit.
1212 1981 1383 2054 Quitliugin·

312 2071 364 2132 rg).
422 2063 480 2118 114.

226 2165 339 2220 Druck.-
356 2165 491 2220 Deutecb:
518 2163 603 2232 Wolff
612 2163 653 2230 ΙΙ,
671 2167 732 2218 265.

159 2287 321 2352 Bertradis
337 2288 387 2351 dei
406 2286 506 2368 gratia
527 2286 694 2364 abbatissa,
713 2285 830 2368 Sophia
849 2286 1017 2370 preposita,
1039 2287 1242 2372 Ermegardis
1264 2290 1384 2354 decana

90 2387 226 2461 totusque
248 2386 425 2442 conventus
444 2377 751 2458 Quedliuburgensis
770 2376 903 2438 ecclesie
926 2377 957 2438 in
975 2375 1184 2458 Leuenstede,
1204 2379 1383 2464 Rudinges-

90 2476 165 2551 terp,
189 2467 379 2546 Darnstede,
405 2465 512 2545 Sulza,
541 2465 783 2544 Hassenhuscn,
811 2465 1002 2547 Rvgehusen
1029 2467 1175 2531 villarum
1204 2471 1383 2534 senioribus

89 2566 117 2618 et
141 2558 261 2620 civibus
288 2557 445 2620 universis
471 2557 604 2618 salutem
630 2561 663 2618 et
687 2575 812 2638 semper
836 2557 868 2617 in
891 2555 1019 2618 domino
1041 2561 1226 2642 prosperari.
1272 2559 1383 2624 Vestre

91 2649 276 2710 universitati
296 2647 497 2730 presentibus
513 2648 698 2722 innotescat,
720 2645 805 2726 qued
822 2664 880 2708 nes
895 2645 976 2708 bona
997 2654 1105 2709 nestra
1125 2655 1187 2709 tam
1209 2651 1241 2711 iu
1256 2643 1384 2734 ‘eaurpis

91 2755 176 2816 quam
210 2739 242 2799 in
281 2736 365 2798 villis
400 2737 462 2798 iam
490 2735 638 2819 superius
664 2735 845 2797 merueratis
876 2738 935 2798 sita
964 2755 1036 2798 eum
1068 2739 1154 2800 omni
1176 2740 1260 2818 iure,
1297 2742 1382 2822 qued

89 2828 116 2886 in
149 2829 266 2890 eisdem
311 2827 402 2889 bouis
441 2826 532 2888 uobis
571 2826 738 2906 hucusque
777 2824 990 2908 competebat,
1026 2825 1267 2891 honorabilibus
1299 2831 1383 2909 viris,

90 2915 208 2979 domine
230 2967 237 2978 .
260 2966 266 2978 .
290 2914 395 2978 abbati
421 2915 542 2976 scilieet
568 2915 607 2978 de
630 2913 725 2976 Porta
748 2919 780 2977 et
800 2933 858 2976 suo
881 2916 1067 2994 conventui,
1095 2918 1299 2982 vendidimus
1326 2940 1382 3002 pre

91 3005 291 3090 beneplacita,
323 3005 362 3068 ab
384 3005 430 3068 eis
448 3003 541 3067 nobis
562 3005 677 3066 tradita
697 3005 834 3088 pecunia
855 3011 886 3068 et
907 3010 1044 3086 accepta.
1088 3005 1181 3069 Unde
1203 3027 1261 3071 nos
1283 3009 1384 3072 donii-

90 3113 160 3156 num
183 3096 328 3158 abbatem
356 3101 388 3158 et
408 3113 501 3156 suum
524 3101 717 3156 conventum
738 3095 896 3176 prefatos*
917 3095 950 3155 iu
972 3096 1203 3177 possessionem
1227 3097 1383 3162 dictorum

93 3183 236 3248 bonorum
275 3204 332 3268 per
366 3191 510 3246 uestrum
543 3183 697 3246 nuncium
726 3231 761 3244 ..
788 3183 998 3246 exhibitorem
1029 3185 1159 3264 quidem
1187 3189 1383 3270 presentium

90 3273 253 3353 mittentes,
281 3273 321 3336 ad
348 3274 489 3352 eosdem,
519 3273 665 3335 abbatem
693 3272 814 3335 scilieet
840 3281 872 3335 et
900 3280 1094 3336 conventum
1123 3273 1162 3337 de
1191 3276 1301 3358 Perta,
1327 3299 1384 3342 ros

91 3364 281 3442 presentibus
303 3365 567 3437 demonstramus,
589 3371 625 3424 ut
645 3363 765 3424 eisdem
787 3381 824 3424 eo
847 3363 917 3425 iure
943 3365 1133 3438 teneamini,
1155 3386 1217 3446 que
1239 3367 1332 3430 nobis
1352 3375 1384 3430 et

91 3453 215 3516 ecclesie
246 3461 353 3516 nostre
381 3453 511 3536 obligati
544 3453 649 3514 fuistis
681 3452 834 3515 haetenus
861 3459 893 3515 et
913 3455 1041 3515 astricti.
1084 3453 1201 3519 Datum
1223 3457 1256 3518 in
1278 3456 1383 3532 Quod-

92 3540 273 3627 lingenburg
294 3563 378 3606 anno
400 3543 690 3622 dominiorum,
712 3543 743 3603 in
767 3542 875 3624 vigilia
896 3544 997 3606 saneti
1018 3543 1125 3606 lucebi
1147 3545 1289 3628 apostoli.

155 3659 165 3684 ²
183 3660 320 3729 prefatum
340 3661 388 3714 anit
406 3661 672 3729 atberpeaclndebenem
691 3677 721 3714 os
739 3659 769 3712 D
780 3665 814 3714 53

534 3973 935 3986 *nn-ffi—
