3506 5148
283 390 336 449 496
651 393 880 452 Urkundenbnch
898 395 946 456 dea
966 396 1091 456 Kloatera
1110 396 1211 454 Plorte.

283 543 422 609 Kirstani
445 547 584 611 medium
606 553 637 611 et
656 547 813 613 Iohannes
834 548 1003 634 Husiugus
1023 551 1182 633 integrum
1208 570 1246 614 ac
1271 549 1329 614 lilii
1350 547 1474 614 sculteti
1495 553 1584 615 eimi-

280 633 352 698 liter
371 636 529 716 integrum
551 639 621 700 iure
643 638 828 702 hereditario
850 644 966 717 tenent,
987 661 1060 706 cum
1083 642 1214 705 dimidia
1232 659 1337 703 marca
1353 642 1453 703 annui
1467 660 1584 705 census

279 725 312 786 iu
339 725 415 790 villa
444 725 620 805 Dckevvitz,
649 749 744 810 quam
766 729 931 794 Conradus
951 729 1061 795 Lower
1086 738 1118 794 et
1138 730 1288 794 Nicolans
1308 729 1500 795 Tabernator
1528 751 1584 793 an·

280 817 401 879 nuatim
429 817 571 898 solvunt,
596 839 615 881 a
640 817 855 883 Knnemuudo
878 821 916 884 de
943 823 1157 886 Stuternheim
1187 822 1278 885 titulo
1308 821 1481 904 empcionis
1511 841 1583 884 con-

280 913 457 987 parassent,
485 929 543 972 nos
564 908 604 971 ob
626 912 838 972 reverenciam
861 910 910 974 dei
933 913 1157 995 omnipotentis
1178 917 1209 975 et
1228 911 1453 995 gloriosissime
1475 914 1584 975 matris

280 1015 337 1060 sue
358 995 459 1079 Mariq
486 1005 517 1061 et
546 1018 601 1081 pro
623 999 742 1062 salubri
763 1006 945 1064 nostrorum
967 1003 1204 1084 progenitorum
1225 1003 1403 1066 animarum
1427 1007 1458 1064 et
1479 1007 1585 1068 nostre

281 1087 436 1168 remedie,
468 1088 550 1151 facta
580 1089 796 1172 resignacione
830 1091 1006 1156 voluntaria
1039 1113 1058 1156 a
1088 1091 1304 1156 Kunemunde
1334 1091 1469 1174 prelato,
1502 1092 1584 1155 dicte

280 1176 409 1240 ecclesie
430 1183 461 1240 et
480 1179 653 1241 couventui
674 1179 706 1240 in
729 1177 823 1242 Porta
850 1179 934 1243 bona
959 1181 1077 1264 prelata
1102 1200 1176 1244 cum
1198 1179 1347 1244 omnibus
1368 1180 1501 1259 iuribus,
1523 1185 1583 1245 uti·

279 1266 422 1330 litatibus
448 1271 478 1330 et
506 1269 724 1349 pertinenciis,
753 1270 835 1332 sicut
862 1271 1059 1335 antedictus
1081 1269 1414 1335 Kunemunduseaa
1437 1271 1528 1335 nobis
1549 1275 1583 1335 in

279 1356 369 1419 feodo
399 1359 531 1438 tenuit0,
563 1358 814 1422 condonavimus
841 1364 872 1422 et
897 1361 1097 1444 presentibus
1123 1362 1362 1444 appropriamus
1392 1360 1431 1424 ab
1462 1362 1583 1425 eisdem

278 1446 428 1510 fratribus
449 1454 481 1511 et
499 1452 659 1511 conventu
679 1447 763 1511 bona
784 1457 964 1532 prenarrata
985 1451 1164 1514 eternaliter
1185 1451 1305 1532 absque
1325 1452 1411 1514 omni
1425 1453 1584 1534 inpugna-

278 1537 368 1600 cione
398 1538 490 1600 titulo
517 1540 713 1621 proprietatis
742 1538 807 1602 lore
832 1541 1027 1623 possidenda.
1074 1541 1117 1604 Ut
1145 1545 1250 1604 avitam
1278 1540 1335 1604 hec
1362 1540 1523 1604 ordinacio
1552 1545 1584 1604 ct

279 1629 400 1709 empcio
434 1628 523 1692 illesa
557 1635 588 1693 et
618 1629 807 1692 inconvulsa
839 1631 872 1692 in
903 1636 967 1695 toto
1000 1637 1139 1714 tempore
1176 1636 1371 1714 permaneat,
1404 1637 1583 1714 presentem

278 1717 413 1781 litteram
445 1721 543 1783 nostri
574 1719 669 1802 sigilli
699 1720 878 1783 munimine
908 1721 1061 1784 duximus
1092 1721 1352 1800 consignandam.
1407 1721 1524 1784 Actum
1552 1727 1585 1783 et

279 1807 387 1871 datum
415 1809 448 1870 iu
478 1809 580 1872 Gotha
608 1829 691 1874 anno
720 1808 842 1873 domini
863 1820 999 1876 M⁰ccc⁰
1010 1821 1162 1887 XXVII10,
1187 1811 1221 1874 in
1249 1811 1300 1874 dio
1321 1815 1428 1873 sancte
1448 1811 1585 1893 Agnetis

283 1898 414 1979 virginis
437 1904 468 1962 et
488 1901 633 1979 martiris,
653 1898 853 1982 presentibus
875 1899 1037 1964 Gunthero
1058 1903 1171 1964 comite
1192 1899 1475 1982 devaartzburgk,
1497 1899 1585 1963 Hen-

277 1988 341 2050 rico
366 1989 490 2052 iuniore
516 1989 667 2054 advocato
688 1989 726 2052 de
750 1988 853 2054 Plawe
881 1991 962 2053 dicto
988 1989 1106 2070 Ruzel,
1137 1990 1312 2054 Ebirhardo
1333 1989 1372 2053 de
1394 1988 1585 2070 llalsleibin,

279 2076 496 2142 Kunemundo
518 2081 587 2144 eius
606 2079 672 2144 filio
694 2084 724 2142 et
745 2079 815 2144 aliis
838 2101 934 2162 quam
957 2079 1100 2163 pluribus
1120 2079 1183 2144 fide
1206 2080 1319 2163 dignis.

346 2219 503 2276 ‘veridicis
521 2220 551 2275 D
620 2212 858 2294 b'llruringorum
877 2221 905 2275 D
975 2219 1103 2274 ehabuit
1122 2219 1151 2274 D
1222 2211 1333 2276 “Russe
1351 2220 1381 2273 D

806 2403 1056 2412 mma——

280 2543 392 2624 1328.
420 2541 537 2624 libra
557 2541 619 2622 le.
657 2540 819 2622 Ptorte.
1488 2540 1584 2623 539.

356 2686 487 2752 Ditmor
508 2687 645 2768 Bisclaof
660 2707 718 2750 ven
742 2686 886 2762 Gabatha,
915 2685 1015 2750 Vilmr
1044 2687 1098 2748 des
1124 2685 1321 2768 la'vvbisclaofs
1344 2687 1503 2751 Matthias
1525 2709 1586 2752 cova

319 2777 448 2856 Maias,
480 2777 613 2852 artbeilt,
641 2775 780 2856 aupleicb
810 2777 854 2840 im
882 2775 1006 2838 Nomen
1036 2775 1090 2838 des
1117 2774 1243 2839 luerem
1269 2777 1339 2839 aad
1359 2777 1413 2840 des
1434 2777 1587 2858 Bisrboss

317 2867 470 2931 Helai-ica
498 2887 557 2932 von
588 2864 792 2948 Nouatillam,
824 2866 908 2928 allen
928 2865 1028 2928 dener
1049 2864 1179 2942 Ablcss,
1210 2864 1319 2930 welche
1339 2865 1391 2930 dic
1415 2867 1587 2948 Prcdipteu

317 2958 372 3020 cler
390 2957 539 3039 Pfo‘rtner
561 2955 695 3019 Menate
714 2956 816 3019 briven.

427 3092 560 3146 Hdsclaa:
584 3093 629 3148 Or.
641 3090 716 3160 Perp.
740 3091 815 3159 2Sp.
833 3091 989 3159 obpcsrdlea.
1019 3089 1118 3160 Pforte‚
1138 3090 1289 3146 Bibliotbelc
1307 3089 1342 3143 B.
1353 3095 1394 3144 17.
1418 3120 1454 3129 -
1468 3147 1470 3154 ,
1482 3090 1513 3144 D
1532 3096 1587 3146 135

478 3173 528 3238 (tit.
539 3169 741 3241 Indulgencie).

427 3273 552 3326 Druck&
586 3273 702 3326 Pertuclv
728 3273 757 3337 1,
787 3275 847 3326 276.
893 3270 1159 3326 Bertvvclr-Sclrcmel
1177 3271 1208 3337 1,
1238 3275 1297 3330 172,
1341 3271 1477 3326 Deutsclr:
1503 3273 1592 3342 Wolff

476 3353 516 3417 ΙΙ,
536 3356 594 3406 434.
637 3351 693 3420 Vpl.
714 3351 854 3420 &adduce
870 3355 932 3409 219.
969 3351 1094 3416 Boebme,
1114 3350 1299 3406 Naclvriclaten
1316 3355 1358 3406 38.

356 3484 423 3547 Nos
457 3485 553 3550 frater
578 3483 740 3548 Ditmarus
767 3484 886 3548 ordinis
915 3483 1142 3566 Cysterciensis
1180 3485 1230 3548 dei
1262 3487 1368 3568 gracia
1395 3487 1587 3570 episcopus*

276 3574 405 3638 ecclesie
436 3573 639 3648 Gabuleusis,
672 3579 817 3657 gerentes
849 3575 933 3638 vices
963 3576 996 3636 in
1031 3573 1262 3656 pontificalibus
1293 3576 1456 3638 reverendi
1483 3579 1586 3658 patris

276 3663 395 3727 domini
419 3663 546 3744 llathye
572 3671 678 3728 sancte
701 3663 885 3746 Maguntine
913 3665 996 3728 sedis
1024 3665 1247 3747 archiepiscopi
1275 3666 1355 3728 sacri
1384 3666 1497 3748 inperii
1527 3685 1586 3749 per

278 3753 478 3816 Germaniam
507 3753 785 3831 archicancellarii,
810 3753 960 3816 omnibus
985 3754 1066 3816 hauc
1090 3753 1226 3816 litteram
1254 3755 1370 3817 visuris
1392 3753 1526 3818 salutem
1549 3759 1584 3820 in

277 3862 322 3922 eo,
351 3846 406 3926 qni
433 3849 480 3907 est
509 3845 652 3907 omnium
675 3863 748 3906 vera
769 3843 863 3908 salus,
905 3845 1075 3928 Cupientes
1097 3841 1254 3926 quoslibet
1275 3843 1391 3908 Christi
1412 3843 1521 3908 fideles
1542 3848 1585 3910 ad

277 3935 400 4016 pietatis
422 3954 516 4016 opera
538 3934 668 4016 spiritali
693 3934 812 4017 premio
831 3935 976 4011 invitare,
999 3935 1222 4018 omnipotentis
1243 3933 1293 3997 dei
1314 3935 1531 3998 misericordia
1553 3945 1587 4000 et

278 4023 439 4087 beatorum
461 4025 530 4087 eius
551 4022 637 4087 Petri
658 4031 689 4086 et
707 4022 799 4087 Pauli
823 4021 1033 4105 apostolorum
1064 4025 1184 4088 meritis
1205 4023 1315 4087 confisi
1338 4023 1487 4088 omnibus
1510 4044 1586 4090 vere

278 4113 506 4194 penitentibus,
536 4114 679 4176 contritis
707 4118 738 4176 et
771 4112 935 4188 masesele,
965 4116 1020 4196 qni
1048 4132 1209 4178 sermones
1235 4114 1369 4177 fratrum
1400 4119 1586 4180 monasterii

276 4201 453 4282 PortensiS,
480 4205 535 4286 qui
562 4204 595 4265 in
623 4203 760 4285 capitulo
782 4201 1013 4284 predicaven'nt
1034 4204 1083 4267 vel
1105 4203 1279 4287 predicant,
1300 4205 1587 4288 quocienscunque

276 4292 391 4374 populo
408 4292 540 4355 verbnm
556 4292 606 4354 dei
621 4293 655 4354 in
672 4289 817 4374 capitulo,
839 4297 929 4352 extra
945 4293 1127 4374 capitulum,
1148 4300 1221 4358 ante
1241 4299 1371 4377 portam,
1393 4295 1427 4356 in
1440 4297 1587 4378 grangiis

276 4382 326 4444 vel
357 4383 390 4444 in
421 4381 499 4444 locis
531 4380 714 4463 ubicunque
747 4381 980 4462 proposuerint,
1019 4385 1075 4464 qui
1105 4403 1179 4446 cum
1211 4384 1381 4448 devocione
1414 4383 1588 4460 audierint,

275 4480 326 4535 XL
347 4471 413 4534 dies
445 4478 476 4534 et
504 4471 653 4534 lrareuam
686 4491 725 4534 ex
758 4475 845 4553 parte
871 4471 994 4534 demini
1021 4471 1201 4556 Maguntini
1228 4481 1400 4557 nostraque
1426 4493 1467 4538 ex
1495 4483 1589 4559 parte

275 4569 326 4624 XL
346 4560 413 4626 dies
433 4566 464 4624 et
484 4561 634 4625 harenam
655 4568 686 4624 et
706 4571 756 4626 XL
776 4561 843 4624 dies
864 4580 905 4624 ex
927 4567 1013 4643 parte
1033 4563 1307 4629 dominiHeinrici
1324 4563 1589 4648 episcopiNuen-
