3402 5152
228 405 280 461 446
598 405 828 462 Urlrnndenbuch
846 405 894 462 des
913 405 1038 462 Klosters
1057 403 1160 462 Ptnrte.

228 558 353 640 publice
385 564 607 641 protestamur,
639 559 721 642 quod
755 560 882 623 domino
910 559 1038 622 Alberto
1065 559 1099 620 in
1128 558 1222 621 Porta
1253 557 1376 622 abbati¹
1408 577 1531 642 suoque

227 651 398 713 conventui
426 650 625 713 vendidimus
651 650 730 712 duas
759 670 880 713 marcas
904 648 1125 731 Vribergensis
1155 651 1275 731 argenti
1294 651 1394 713 annui
1415 669 1531 713 census

227 760 282 823 pro
304 745 387 804 certa
409 761 535 803 summa
555 742 708 822 pecunieb
736 742 768 802 in
793 740 867 804 villa
885 739 1098 823 Lisegcstorff,
1126 741 1181 821 qui
1208 759 1324 804 census
1350 741 1429 803 solvi
1457 761 1531 802 con-

227 832 331 894 suevit
353 831 505 894 hactenus
525 831 563 893 de
583 851 694 893 manso
715 833 747 893 in
772 851 882 912 campo
902 830 1042 893 eiusdem
1068 828 1154 892 ville⁰
1177 831 1235 892 sito
1257 836 1289 892 et
1309 830 1434 893 duabus
1451 833 1531 894 areis

228 922 295 984 sive
323 923 434 998 curiis,
462 941 555 1004 quom
586 922 730 984 videlicet
759 941 889 985 censum
918 922 1021 983 dictus
1043 919 1150 1002 Degen
1178 921 1321 1003 quinque
1342 921 1480 984 fertones
1500 927 1530 984 et

227 1011 390 1075 Corradus
419 1013 522 1078 dictus
551 1011 678 1092 Oulling
705 1017 768 1076 tres
799 1012 935 1074 fertones
966 1011 1119 1073 hactenus
1147 1010 1310 1072 solverunt
1335 1016 1365 1073 et
1392 1033 1410 1074 a
1439 1010 1531 1074 uobis

227 1103 296 1164 iure
316 1102 502 1165 hereditario
524 1102 738 1184 possederunt.
780 1102 867 1164 idem
898 1119 1025 1183 quoqne
1047 1099 1210 1163 conradus
1237 1100 1276 1164 de
1296 1101 1414 1164 eisdem
1437 1101 1530 1164 bonis

228 1193 375 1273 predictis
404 1194 559 1275 religiosis
587 1193 749 1255 dimidiam
777 1211 915 1254 marcam
942 1193 1041 1254 annrri
1068 1209 1184 1252 census
1215 1196 1306 1253 antea
1326 1191 1530 1274 persolvebat

229 1281 311 1358 Quia
339 1303 411 1347 vero
438 1304 496 1346 nos
523 1283 697 1366 predictum
729 1301 860 1346 censum
889 1301 944 1344 sen
966 1281 1050 1344 bona
1071 1281 1208 1363 predicta
1229 1301 1248 1342 a
1269 1280 1397 1344 domino
1418 1281 1532 1346 abbate

227 1373 365 1455 predicto
387 1393 510 1456 suoque
531 1376 712 1437 conventu(¹
734 1375 769 1436 in
786 1374 880 1437 feudo
899 1372 1079 1450 habuimus,
1100 1371 1177 1453 ipsis
1192 1371 1318 1453 singula
1335 1377 1366 1434 et
1382 1373 1532 1435 universa

227 1463 325 1527 libere
346 1467 578 1547 resignavimus
600 1470 631 1528 et
651 1462 851 1546 presentibus
873 1465 1080 1543 resignamus,
1101 1460 1366 1525 abrenunciantes
1382 1462 1532 1526 omnibus

226 1553 351 1617 iuribus
372 1555 463 1618 fundi
484 1555 678 1638 proprietarii
694 1554 744 1616 vel
760 1552 966 1635 superficialis
982 1559 1014 1615 ct
1025 1551 1133 1615 directi
1149 1552 1281 1614 dominii
1298 1557 1329 1615 ct
1346 1553 1533 1616 usufructus

228 1649 259 1706 et
279 1645 415 1709 indicio⁰
444 1647 629 1728 sanguinis,
661 1645 744 1727 quod
777 1644 947 1725 vulgariter
972 1644 1087 1706 dicitur
1115 1642 1337 1725 balsgerichte,
1367 1649 1398 1706 et
1428 1645 1533 1708 omnit

227 1735 453 1815 iurisdictioni,
484 1755 546 1818 que
576 1734 667 1797 nobis
695 1733 824 1796 invilla
850 1737 881 1796 et
907 1734 941 1794 in
962 1752 1088 1814 campe,
1119 1734 1154 1796 in
1175 1734 1259 1814 agris
1278 1733 1481 1814 pascualibus
1500 1739 1534 1797 et

227 1825 404 1902 novalibus,
424 1828 513 1905 areis,
534 1827 642 1901 curiis,
664 1825 761 1892 silvis,
782 1823 915 1901 silvulis,
936 1822 1062 1901 salictis,
1087 1821 1245 1896 salicibus
1266 1824 1352 1902 rivis,
1373 1843 1531 1904 aquarum

227 1913 429 1992 decursibus,
460 1918 557 1998 pratis
578 1921 610 1979 et
630 1915 771 1998 pascuiS,
792 1919 823 1976 et
843 1913 959 1976 iudicio
981 1914 1154 1996 sanguinis
1175 1914 1275 1976 eciam
1296 1914 1331 1976 in
1353 1913 1445 1977 bonis
1464 1915 1533 1978 sive

227 2023 322 2085 super
348 2004 438 2067 bonis
466 2005 691 2066 canonicorum
722 2003 913 2085 regularium
945 2003 1045 2065 sancti
1078 2000 1221 2065 blarrricii
1249 2021 1345 2086 prope
1371 2003 1532 2066 civitatem

226 2092 425 2174 Nuenburgk
447 2098 477 2156 et
498 2095 605 2156 omnig
625 2092 847 2170 iurisdictioni,
870 2111 932 2174 que
952 2092 1045 2154 nobis
1066 2093 1100 2153 in
1119 2091 1237 2154 eisdem
1258 2092 1430 2155 hactenusl
1445 2113 1534 2156 cern-

227 2183 350 2266 petebat
378 2184 427 2246 vel
455 2189 561 2264 posset
581 2183 674 2246 nobis
705 2183 754 2246 rel
781 2183 897 2245 nostris
921 2181 1101 2245 heredibus*
1123 2187 1299 2264 competere
1322 2183 1355 2245 in
1376 2183 1535 2261 futurum,

226 2274 392 2336 accedente
431 2274 521 2356 pleno
562 2281 593 2337 et
633 2273 808 2336 voluntario
841 2291 999 2335 consensu
1029 2273 1134 2334 fratris
1165 2273 1264 2334 nostri
1294 2271 1436 2336 Heinrici
1472 2276 1534 2336 acl

226 2362 370 2425 Heinrici
400 2362 457 2426 filii
485 2364 535 2426 sui
556 2382 592 2425 ac
613 2364 725 2426 ceteris
746 2360 953 2425 coheredibus
973 2360 1044 2440 (sic)
1065 2362 1181 2425 nostris
1202 2367 1233 2425 et
1252 2363 1328 2440 suis,
1349 2363 1534 2427 accedente¹

226 2453 342 2515 nichilo
371 2454 477 2516 minus
505 2472 663 2516 consensu
690 2457 720 2516 et
747 2453 830 2515 bona
854 2452 1017 2515 voluntate
1044 2451 1154 2516 dilecte
1182 2453 1291 2516 matris
1319 2459 1439 2534 nostre,
1468 2475 1534 2536 que

226 2544 294 2625 ipsa
322 2543 406 2605 bona
432 2551 523 2606 autea
549 2543 618 2605 iure
646 2542 782 2606 dotalicii
808 2541 960 2606 habuerat
983 2547 1014 2605 et
1032 2541 1133 2605 eidem
1154 2544 1218 2606 iuri
1239 2548 1350 2624 sponte
1372 2544 1536 2609 abrenun-

226 2634 376 2714 ciaverat,
405 2634 567 2715 presertim
594 2653 668 2696 cunr
696 2633 797 2696 eidenr
827 2653 883 2715 pro
907 2651 1039 2714 repensa
1065 2632 1209 2696 eiusdem
1238 2633 1320 2696 dctis
1341 2653 1398 2717 per
1418 2654 1476 2698 nos
1498 2637 1534 2698 in

227 2721 319 2786 bonis
346 2722 529 2786 melioribus
560 2723 601 2786 sit
626 2723 796 2806 provisum.
837 2721 903 2785 Nos
931 2731 1032 2804 ergo·n
1059 2723 1199 2804 predicta
1227 2721 1311 2785 bona
1331 2725 1481 2787 universa
1502 2732 1537 2790 et

226 2813 351 2894 singula
372 2815 404 2875 in
427 2814 658 2895 possessionem
680 2813 890 2895 predictorum
914 2813 1132 2894 religiosorum
1154 2813 1377 2877 transtulimus
1405 2820 1437 2878 et
1462 2835 1536 2898 pre·

227 2903 371 2967 sentibus
392 2905 619 2980 transferimus,
641 2922 737 2985 super
757 2904 922 2966 evictionis
943 2908 974 2966 et
994 2903 1247 2983 guarandiarum
1270 2905 1421 2966 caucione
1440 2906 1536 2968 iusti-

227 2993 347 3055 cialiter
371 2993 513 3055 iacienda
542 2998 573 3055 et
600 2994 748 3076 precipue
769 3012 825 3075 pro
848 2997 946 3056 matre
968 2999 1075 3057 nostra
1096 3013 1132 3056 ac
1153 2994 1302 3058 omnibus
1323 2994 1536 3060 coheredibus

226 3084 343 3146 nostris
364 3103 423 3145 nos
445 3083 645 3164 presentibus
666 3082 858 3164 obligantes,
886 3084 965 3145 nihil
994 3083 1086 3147 nobis
1111 3085 1190 3146 iuris
1212 3085 1244 3146 in
1267 3085 1416 3148 omnibus
1437 3084 1534 3150 bonis

227 3173 363 3255 predicte
395 3173 468 3236 ville
498 3173 625 3256 penitus
655 3179 859 3236 reservantes.
901 3172 939 3236 In
971 3175 1065 3236 ouius
1092 3175 1136 3236 rei
1162 3176 1378 3238 testimoninm
1399 3195 1534 3256 presens

227 3265 378 3345 scriptum
415 3263 550 3345 desuper
587 3264 707 3326 editum
742 3264 841 3325 nostri
879 3263 974 3345 sigilli
1012 3264 1189 3326 munimine
1224 3264 1358 3330 fecimus
1398 3265 1536 3330 firmiter

226 3352 373 3415 roborari.
420 3352 461 3415 at
492 3374 550 3416 nos
578 3352 749 3415 Heinricus
772 3354 878 3416 senior
906 3359 938 3416 et
964 3352 1135 3416 Heinrious
1164 3355 1273 3417 iunior
1303 3356 1466 3418 marscalci
1498 3358 1532 3418 in

228 3443 428 3505 Goserstelbe
443 3443 699 3524 recognoscimus
717 3462 811 3525 supra
826 3443 908 3506 dicta
924 3444 1086 3505 veritatem
1101 3445 1263 3507 continere
1277 3449 1309 3506 et
1323 3444 1362 3508 ad
1377 3445 1532 3508 maimenr

227 3531 422 3594 evidenciam
453 3533 596 3594 omnium
630 3533 855 3614 premissorum
885 3538 1031 3595 nostrum
1062 3531 1203 3613 sigillum
1230 3534 1366 3616 appendi
1395 3534 1533 3598 fecimus

227 3621 301 3682 huic
323 3623 447 3703 scripto,
476 3621 694 3696 addicientesfl,
722 3627 757 3684 nt
784 3622 903 3684 litteras
925 3621 1017 3685 nobis
1039 3641 1133 3704 super
1154 3623 1273 3686 eisdem
1295 3621 1386 3686 bonis
1408 3633 1438 3687 et
1459 3625 1533 3688 aliis

227 3711 474 3792 quibuscunque
497 3711 587 3773 bonis
601 3713 642 3773 ·in
665 3712 803 3794 predicta
825 3712 898 3774 villa
920 3709 1130 3794 Liscgesdorff
1146 3713 1249 3790 datae,
1271 3714 1416 3777 videlicet
1437 3715 1533 3797 qnod,

227 3801 253 3863 si
275 3801 473 3864 Gerbardnm
499 3800 625 3864 fratrem
656 3808 799 3865 nostrum
830 3801 1003 3884 predictum
1032 3802 1071 3864 de
1093 3802 1151 3864 hoc
1172 3803 1278 3866 seculo
1302 3804 1435 3885 migrare
1456 3823 1532 3866 con-

226 3890 374 3972 tingeret,
404 3890 489 3973 quod
518 3911 576 3953 nos
602 3896 632 3954 et
659 3893 758 3955 nostri
787 3891 917 3955 heredes
946 3891 1113 3972 utriusque
1140 3912 1238 3956 sexus
1265 3892 1325 3954 sibi
1351 3893 1384 3954 in
1408 3912 1532 3974 posses-

227 3981 347 4043 sionem
369 3980 552 4043 eorumdem
574 3980 731 4044 bonorum
752 3981 918 4044 succedere
940 3980 1141 4059 deberemus
1168 3983 1297 4044 domino
1323 3980 1428 4045 abbati
1457 4003 1534 4045 suo-

228 4089 290 4152 que
313 4073 482 4134 conventui
504 4071 661 4154 predicto⁰
683 4073 892 4150 restituimus,
922 4072 1124 4135 decernentes
1145 4073 1270 4134 easdem
1294 4073 1397 4153 qrrcad
1421 4092 1479 4135 uos
1503 4083 1535 4136 ct

226 4166 350 4222 nostros
379 4161 508 4224 heredes
537 4162 704 4242 utriusque
729 4181 826 4225 sexus
860 4161 980 4224 nullius
1011 4161 1146 4224 existere
1174 4161 1339 4224 firmitatis.
1383 4161 1535 4226 Ceterum

226 4252 388 4331 cupientes
411 4251 556 4334 predictis
578 4250 732 4331 religiosis
753 4253 883 4314 caucius
911 4251 1073 4332 providere
1099 4257 1130 4314 et
1153 4253 1334 4315 occasiones
1355 4251 1535 4334 quaslibett

227 4341 370 4404 sinistras
398 4346 574 4426 amputare,
602 4347 790 4404 cunctorum
814 4341 947 4404 auribus
973 4340 1114 4404 crebrius
1142 4341 1352 4416 inculcamus,
1384 4342 1470 4423 qrrod
1493 4343 1536 4406 ab

227 4431 348 4510 origine
370 4433 604 4514 progenitorum
628 4437 806 4493 nostrornm
830 4431 1005 4514 predictum
1024 4431 1177 4492 iudicium
1195 4429 1455 4512 sanguinissive,
1479 4439 1539 4494 ut‘¹

227 4520 357 4595 dicitur,
386 4521 593 4604 balsgerichte
614 4522 646 4583 in
671 4520 764 4599 villa,'
784 4523 817 4582 in
839 4541 949 4603 campo
971 4522 1055 4584 siver
1077 4521 1109 4583 in
1132 4522 1252 4604 campis
1275 4521 1434 4584 universis
1456 4523 1539 4588 ville
