3400 5148
522 348 572 411 Nr.
586 351 730 411 lei-195.
753 350 933 410 lace-1267.
1328 353 1381 408 209

92 500 189 582 1266.
217 500 458 584 December
485 503 525 584 6.
551 501 828 601 lfsgdcbnrg.
1291 504 1384 587 194.

152 635 320 700 Hermann
340 636 478 719 Bisclrof
493 659 552 702 voa
573 639 718 703 Commio
740 639 858 703 eaeo
878 639 994 704 Ablnss
1013 637 1106 715 auen,
1129 639 1180 702 die
1204 658 1277 703 aum
1304 639 1382 704 Bao

119 725 168 789 der
187 725 554 808 Marqareen-Kapeue
573 729 617 792 im
638 728 761 793 Kloster
782 732 888 810 Psorfe
908 729 1063 810 beitrapen
1088 729 1161 792 oder
1181 730 1309 794 dieselbe
1329 749 1381 794 am

121 815 198 896 lupe
211 815 297 880 r'irrer
317 817 525 898 aianeoane
543 819 616 882 oder
636 819 730 882 deren
750 817 956 900 Jaorestapea
977 819 1133 883 besnclren.

222 950 355 1004 Helaira:
376 942 481 1006 Diaei
498 951 756 1024 (litlndulgcncie).
851 1011 854 1016 .

219 1055 598 1124 Drmke:Pertucn1,279.
634 1059 919 1124 Beriuclefflnnell,
942 1064 998 1114 174.
1028 1059 1138 1114 wracen
1155 1063 1215 1118 296.
1244 1059 1377 1114 Manere

273 1136 552 1206 accorporamur,
571 1141 628 1193 reo.
665 1138 801 1194 Deaaen:
846 1139 983 1204 Wonrn,
1003 1143 1062 1198 139.
1098 1138 1301 1208 mosaeam
1318 1139 1371 1193 113

271 1215 526 1285 auaoeaedtfl,
545 1219 595 1274 Nr.
607 1221 683 1273 1680.

153 1342 318 1406 Universis
341 1343 457 1406 Christi
483 1341 645 1419 fidelibus,
679 1342 718 1404 ad
747 1361 827 1422 quos
852 1361 984 1425 presens
1013 1341 1165 1424 scriptum
1192 1341 1373 1424 pervenerit

86 1428 300 1513 Hoffmannus]
323 1433 374 1495 dei
395 1431 711 1514 graciaOeminensis
732 1433 899 1514 episcopus
920 1451 992 1493 curn
1015 1430 1216 1494 oracionibus
1239 1430 1373 1493 salutem

85 1521 109 1580 in
136 1521 263 1584 domino
287 1522 383 1585 Ihesu
406 1521 538 1584 Christo.
583 1519 755 1601 Quoniam,
777 1528 813 1583 ut
833 1522 877 1583 eit
897 1520 1067 1603 apostolae,
1088 1539 1199 1584 omnes
1220 1520 1373 1583 stabimus

85 1620 145 1674 anto
169 1611 308 1674 tribunal
330 1611 444 1674 Christi
468 1612 639 1693 recepturi,
660 1618 755 1694 prout
774 1611 807 1672 in
829 1629 961 1693 corpore
983 1611 1148 1692 gessimus,
1170 1611 1237 1672 sive
1259 1609 1378 1673 bonum

84 1700 140 1763 sire
168 1701 454 1784 malum„oportet
479 1721 537 1763 nos
563 1700 646 1763 diem
670 1700 836 1764 messionis
860 1706 1020 1762 extreme*
1040 1698 1256 1762 misericordie
1279 1700 1381 1782 operi·

85 1788 134 1852 bns
161 1792 326 1874 prevenire
354 1811 390 1853 ac
417 1798 599 1854 eternorum
621 1791 735 1854 intuitu
759 1790 915 1852 seminare
937 1790 968 1851 in
991 1790 1097 1860 terris,
1121 1789 1206 1870 quod
1227 1788 1380 1852 reddente

83 1879 201 1942 domino
228 1899 302 1944 eum
330 1879 538 1962 multiplicato
564 1879 669 1943 fructu
699 1879 882 1960 recolligere
906 1877 1068 1941 valcamus
1089 1877 1121 1940 in
1143 1878 1226 1958 celo,
1254 1879 1381 1941 firmam

84 1988 161 2050 spem
176 1970 393 2050 fiduciamque
409 1975 563 2047 tenentes,
585 1969 745 2050 quoniam,
768 1970 822 2050 qui
837 1988 931 2052 parce
949 1969 1092 2046 sentinat,
1112 1987 1207 2051 parce
1223 1974 1255 2032 et
1275 1974 1381 2045 metet,

82 2067 109 2120 ct
132 2061 186 2140 qui
207 2061 343 2123 seminat
361 2061 396 2122 in
419 2059 714 2129 benediccionibus,
741 2059 781 2123 de
804 2057 1087 2122 benediccionibus
1112 2065 1143 2122 et
1163 2065 1261 2122 metet
1282 2059 1379 2121 vitam

82 2157 222 2213 eternam.
265 2150 346 2214 Cum
371 2150 470 2232 igitur·
497 2149 604 2212 dilecti
630 2150 664 2212 iu
686 2149 810 2214 Christo
840 2148 937 2211 abbas
965 2155 998 2210 et
1025 2153 1202 2212 conventus
1224 2148 1263 2211 de
1285 2149 1381 2212 Porta

82 2239 245 2322 cappellam
268 2241 300 2302 in
323 2239 443 2302 honore
466 2247 574 2302 sancte
595 2239 772 2320 Mar-garcio
793 2244 979 2302 construant
1001 2257 1095 2320 opere
1116 2246 1316 2321 sumptuoso,
1340 2239 1378 2301 ad

82 2329 166 2391 cuius
180 2329 512 2392 consummacionemi
531 2329 656 2411 proprie
674 2347 736 2390 non
754 2332 927 2411 suppetunt
942 2326 1119 2404 facultates,
1140 2328 1380 2392 universitatem

83 2425 208 2482 uestram
237 2439 386 2502 rogamus
414 2426 445 2482 et
477 2419 641 2482 hortamur
664 2418 696 2480 in
724 2417 852 2480 domino
878 2417 952 2480 Iesu
980 2417 1122 2492 Christo,
1156 2425 1313 2498 quatenus
1341 2418 1379 2482 de

80 2505 165 2570 bonis
190 2509 279 2573 vobis
304 2529 322 2571 a
352 2508 412 2574 deo
441 2507 564 2572 collatis
591 2513 680 2590 grata
708 2507 888 2591 inpendatis
916 2506 1035 2568 eisdem
1063 2505 1205 2570 subsidia
1231 2507 1379 2570 caritatis

81 2595 141 2659 Nos
165 2599 247 2661 enim
270 2597 311 2661 dc
332 2598 557 2681 omnipotentis
578 2597 629 2660 dei
651 2596 869 2659 misericordia
888 2601 920 2659 et
940 2595 1104 2659 beatorum
1127 2595 1213 2658 Petri
1234 2605 1266 2660 et
1287 2595 1378 2660 Pauli

79 2688 284 2768 apostolorum
311 2687 380 2751 eins
403 2689 588 2751 auctoritate
610 2686 724 2749 confisi
743 2686 890 2748 omnibus
912 2704 986 2748 vere
1008 2685 1224 2768 penitentibus
1246 2693 1276 2748 et
1304 2705 1379 2748 con-

80 2776 178 2856 fessis,
205 2779 259 2860 qui
286 2778 325 2840 ad
348 2797 428 2860 opus
450 2783 512 2840 tam
535 2777 622 2860 pium
644 2795 774 2838 manum
797 2775 998 2858 porrexerint
1019 2774 1219 2852 adiutricem,
1252 2775 1301 2838 vel
1324 2777 1377 2857 qui

79 2865 115 2927 ad
141 2868 279 2931 eiusdem
310 2867 451 2952 cappello
480 2867 717 2931 dedicacioncm
747 2885 802 2928 seu
831 2864 1065 2927 anniversarios
1092 2863 1306 2928 dedicacionis
1328 2885 1379 2928 ae-

79 2958 237 3035 cesserint,
263 2967 313 3020 XL
341 2957 409 3020 dies
431 2962 463 3022 et
482 2967 496 3020 Ι
516 2958 667 3020 karenam
693 2956 732 3020 de
753 2955 897 3018 iniuncto
918 2954 977 3018 sibi
1000 2953 1179 3036 penitencia
1201 2955 1378 3018 misericor·-

79 3043 156 3108 diter
176 3047 365 3110 relaxemus.
407 3045 525 3110 Datum
546 3043 755 3128 Magdeburgi
777 3064 860 3107 anno
883 3044 1003 3107 domini
1024 3051 1192 3124 MCCLXVl,
1212 3053 1279 3108 ΠΗ
1304 3045 1378 3108 idus

79 3131 264 3200 Decembris.

143 3292 155 3320 ⁸
173 3277 290 3345 s⁸xmeD
309 3289 410 3346 eximie
429 3291 539 3346 worm
594 3281 607 3320 θ
624 3275 790 3345 consenso-m
801 3291 832 3344 D
848 3289 1115 3345 consummationem
1127 3289 1376 3348 Pertaeeracn.

77 3371 309 3426 consecracionem
328 3371 439 3426 Comen

599 3515 849 3524 ——n—--.-

80 3581 184 3666 reor.
210 3583 338 3687 spru
363 3583 405 3666 4.
1287 3585 1376 3668 ros.

153 3719 281 3784 Bericld
292 3721 383 3801 Grof
398 3739 457 3784 von
470 3717 678 3784 Rabenswald
698 3719 857 3795 ueneat,
879 3719 954 3782 duas
966 3717 1107 3782 Dieiricir
1129 3738 1187 3784 oon
1199 3717 1307 3782 Borion
1327 3719 1377 3800 (ἓ)

116 3809 216 3872 seiaen
236 3809 445 3890 Ansprslchen
471 3810 537 3888 aas
552 3808 603 3871 eia
632 3806 784 3872 Wetoicot
801 3827 842 3873 aa
865 3808 1053 3886 Bremboclr,
1082 3809 1133 3872 dic
1151 3829 1184 3872 er
1201 3828 1296 3888 papea
1319 3809 1378 3872 das

117 3897 240 3964 Kloeter
261 3899 370 3981 Pforte
388 3897 509 3979 poleno
528 3897 678 3978 panaclt,
700 3902 820 3978 eneam
839 3897 924 3962 habe.

221 4037 354 4095 Huaenr..·
373 4028 468 4092 ceri
485 4035 724 4105 (tremebam).

221 4143 335 4198 Dmer:
355 4143 471 4210 Bonme,
493 4143 670 4212 rocenenmq
688 4146 730 4200 57.
765 4141 903 4197 Deuoa:
928 4141 1059 4211 nozffrr,
1081 4142 1138 4197 141.

153 4263 217 4329 Nos
230 4266 401 4330 Bertoldus
423 4266 474 4329 dei
495 4267 596 4347 gratia
615 4284 722 4329 comes
743 4265 782 4330 de
804 4265 1007 4329 Rebenswelt
1028 4267 1286 4347 recognoscimus
1307 4267 1377 4332 uni·

77 4355 174 4417 versis
192 4374 325 4439 presens
346 4357 499 4438 scriptum
520 4355 724 4438 inspecturis,
752 4355 836 4436 quod
858 4355 1072 4418 Theodericus
1097 4355 1137 4418 de
1157 4355 1296 4434 Montes
1322 4358 1377 4438 qui

76 4439 168 4524 longo
195 4451 336 4528 tempore
360 4444 528 4508 ecclesiam
549 4445 736 4508 Portensem
758 4445 792 4506 in
814 4445 952 4525 quodam
982 4443 1091 4507 salicto
1121 4446 1181 4508 sito
1209 4447 1242 4508 in
1267 4447 1378 4510 Brent-

76 4527 154 4594 baob
175 4533 258 4616 apud
278 4539 405 4618 pratum
427 4533 571 4598 eiusdem
593 4533 727 4597 ecclesie
747 4534 951 4616 impedierat,
972 4535 1002 4595 in
1025 4553 1088 4615 quo
1110 4553 1143 4596 se
1166 4534 1307 4599 dixerat·
1327 4537 1379 4599 ins

135 4637 503 4694 damascenam.
1144 4637 1177 4694 14
