3392 5150
317 401 370 458 804
693 397 924 456 Urinmdenbuch
940 401 989 457 des
1007 397 1133 457 Klostere
1150 395 1253 458 Plorte.

317 575 376 618 nos
396 573 496 617 unum
518 564 685 617 mansum·
710 555 806 617 situm
826 555 861 616 in
882 553 981 639 Popal
1001 553 1077 617 villa
1098 555 1144 618 sic
1166 554 1264 633 dicta,
1290 553 1465 618 solventem
1487 555 1606 639 singulis

317 646 410 708 annis
437 650 558 726 septem
582 643 724 707 fertones
751 645 823 727 puri
849 645 985 727 argenti,
1011 661 1107 725 quern
1135 644 1308 707 Heinricus
1333 649 1366 707 et
1385 644 1554 708 Bertoldus
1575 646 1606 708 de

316 733 456 798 Hesiller
482 733 622 818 predicte
644 732 719 795 ville
741 735 851 796 rustici
872 732 996 812 colunt,
1023 733 1152 796 domino
1174 732 1278 797 abbati
1298 739 1331 796 et
1352 735 1522 796 conventui
1545 733 1610 796 Por·

317 825 416 887 tensis
429 823 563 887 ecclesie
579 842 636 906 pro
652 831 735 886 XIIII
751 823 866 886 mareis
881 822 946 885 albi
962 823 1085 906 argenti
1102 823 1161 886 rite
1178 841 1215 885 ac
1227 822 1463 886 racionabiliter
1477 823 1607 886 vendidi-

318 933 389 978 mus
411 912 594 996 emptionis‚
620 912 813 975 venditionis
833 919 865 975 et
884 913 1085 996 proprietatis
1106 911 1198 975 titulo
1219 921 1373 995 perpetuo
1395 913 1609 996 possidendum

316 1021 389 1067 cum
411 1003 499 1066 omni
518 1002 597 1081 iure,
619 1001 808 1065 utilitatibus
829 1007 860 1064 et
880 1001 1088 1085 proventibus
1108 1021 1127 1063 a
1147 1002 1290 1085 predicto
1312 1021 1422 1066 manso
1439 1001 1608 1083 abantiquo

316 1091 432 1154 habitis
464 1096 496 1154 et
521 1089 689 1168 habendis,
717 1091 872 1154 iacientes
900 1091 1004 1154 eidem
1025 1090 1159 1155 ecclesie
1181 1091 1377 1154 warandiam
1399 1091 1542 1156 eiusdem
1561 1111 1609 1176 pro

315 1187 418 1261 tanto,
449 1189 485 1243 ut
513 1181 622 1244 nullus
650 1199 692 1244 ex
719 1187 807 1263 parte
835 1187 943 1243 nostra
968 1199 1024 1244 seu
1046 1183 1143 1243 etiem
1165 1182 1419 1264 propinquorum
1440 1189 1610 1245 nostrorum
1693 1175 1694 1184 ’

316 1271 437 1352 aliquid
459 1271 538 1334 iuris
564 1271 598 1331 in
625 1288 699 1352 sepe
730 1269 815 1332 dicto
841 1287 952 1333 manso
983 1269 1044 1333 sibi
1071 1270 1176 1334 valeat
1201 1272 1419 1353 inposterum
1443 1271 1610 1342 vendicare.

316 1379 412 1442 quam
438 1359 607 1442 pecuniam
635 1360 774 1422 fatemur
801 1361 880 1422 nost
904 1359 1043 1422 totaliter
1068 1361 1235 1442 recepisse.
1280 1359 1322 1423 Ut
1343 1365 1450 1423 autem
1473 1361 1610 1423 universa
1693 1357 1694 1402 3

316 1456 347 1513 et
368 1449 503 1532 singula,
532 1468 594 1530 que
623 1450 778 1532 premisse
797 1455 888 1528 sunt,
916 1453 1068 1532 perpetue
1095 1449 1256 1512 firmitatis
1283 1449 1382 1512 robur
1406 1450 1568 1514 obtineant
1586 1455 1612 1511 et

315 1559 440 1623 semper
464 1545 672 1623 permaneant
693 1538 908 1618 inconvulsa⁰‚
937 1545 1117 1621 presentem
1145 1538 1282 1603 litteram
1309 1539 1468 1602 conscnbi
1488 1541 1613 1603 lecimus
1693 1559 1694 1562 ¹

316 1636 348 1692 et
368 1647 439 1692 eam
459 1629 581 1712 prelato
605 1628 734 1691 domino
756 1628 863 1691 abbati
884 1647 1007 1709 suoque
1027 1630 1201 1691 conventui
1222 1631 1338 1692 nostris
1359 1629 1471 1712 sigillis
1493 1629 1613 1692 tradidi·

312 1737 388 1781 mus
415 1717 603 1781 roboratam.
655 1717 762 1780 Huius
795 1717 975 1781 donationis
1006 1717 1206 1780 vendicionis
1238 1723 1335 1781 testes
1369 1725 1445 1780 sunt
1475 1719 1615 1782 dominus
1693 1763 1695 1770 .

316 1807 487 1870 Heinricus
514 1806 667 1888 Cyeensis
700 1807 833 1869 ecclesie
866 1807 1059 1889 prepositus
1093 1807 1299 1870 Hermennus
1330 1807 1369 1869 de
1400 1807 1614 1887 Starlrenberg,
1693 1887 1694 1890 Ἴ

317 1897 446 1960 Vtricus
474 1897 514 1959 de
539 1896 680 1974 Coldicn
707 1895 891 1959 (lantherus
913 1899 953 1959 de
975 1896 1066 1959 Novo
1088 1902 1205 1976 castre,
1226 1895 1412 1960 Dithmarus
1433 1897 1474 1961 de
1497 1897 1616 1961 Willer-
1693 1897 1694 1900 ’

316 1992 409 2067 stete,
437 1986 627 2050 Ludewicus
652 1986 691 2050 de
713 1985 919 2067 Degenstete,
944 1985 1111 2049 Conradus
1137 1987 1290 2068 pincerna
1310 1986 1350 2049 de
1371 1987 1507 2050 Saleklre
1529 2005 1616 2048 oeno

316 2077 379 2139 nici
406 2075 678 2158 Nuenburgenses
706 2074 814 2137 etalii
845 2095 940 2158 quam
968 2076 1075 2158 plures
1096 2076 1161 2140 tide
1185 2077 1282 2158 digni.
1324 2075 1441 2138 Datum
1464 2083 1497 2140 et
1517 2087 1617 2139 actum
1694 2147 1695 2160 .

315 2167 347 2228 in
373 2166 552 2249 Nuenburg
578 2184 662 2228 anno
693 2166 815 2228 domini
839 2173 1077 2244 M⁰CC⁰XO⁰V,
1112 2167 1144 2227 in
1177 2165 1228 2228 die
1261 2166 1424 2229 beatorum
1457 2167 1617 2228 martirum

316 2256 447 2319 Fabiani
469 2263 501 2319 et
521 2255 706 2320 Sebastiam.

312 2381 314 2388 ·
384 2358 544 2412 'mansum
563 2373 693 2411 mansum
711 2357 741 2410 D
811 2357 894 2411 bnos
911 2357 979 2424 feblt
997 2356 1027 2410 D
1096 2357 1286 2412 einuulseT
1360 2401 1364 2411 .

316 2552 429 2635 1295.
455 2551 624 2635 Jenuar
649 2547 716 2632 20.
743 2547 1005 2650 Naumburg.
1534 2548 1620 2633 313.
1693 2645 1694 2650 g

399 2674 543 2740 Giinther·
551 2671 739 2754 Dompropsl
758 2693 800 2738 au
818 2672 1021 2738 Helberstodt
1041 2675 1182 2755 daedalei
1202 2675 1262 2738 den
1283 2693 1341 2737 con
1362 2673 1478 2736 seinem
1493 2672 1623 2738 Betae·
1693 2663 1694 2716 3

357 2765 522 2829 Hermann
543 2761 720 2828 Domberm
745 2783 787 2828 su
811 2761 1000 2844 Naombury
1027 2763 1218 2846 vollaopencn
1249 2763 1396 2845 Ieeauf
1421 2764 1507 2827 eice·
1536 2761 1623 2842 Huse

358 2877 398 2921 au
420 2853 537 2936 Poppel
556 2873 600 2916 oo
621 2853 680 2916 das
700 2853 825 2916 Kloater
849 2851 963 2934 Pscrte.
1015 2853 1080 2934 Ispa.
1102 2853 1162 2918 Nr.
1175 2859 1248 2920 312.

466 2969 597 3025 Heluetia:
615 2969 688 3024 Der
707 2971 757 3033 (lit.
777 2967 905 3040 Poppal).
927 2961 1024 3025 Τ82“.

465 3063 580 3117 nme.-
598 3061 729 3116 nauco.-
754 3061 890 3130 Worffm
907 3067 968 3118 aas.

398 3171 465 3234 Nos
491 3169 675 3233 Guntherus
706 3168 758 3232 dei
785 3170 892 3251 gracia
915 3170 1196 3234 Haluerstadensis
1228 3170 1357 3234 maioris
1387 3171 1522 3234 ecclesie
1556 3189 1625 3254 pre-
1692 3179 1693 3254 ᾗ

319 3262 441 3344 positus
466 3266 577 3322 notum
599 3276 668 3321 esse
687 3257 834 3340 cupimus
855 3265 919 3321 tam
940 3262 1096 3342 presentis
1118 3261 1168 3324 evi
1190 3259 1374 3324 hominibus
1396 3279 1493 3341 quam
1512 3259 1627 3331 lrrturi

320 3350 406 3432 quod
427 3369 485 3412 nos
506 3348 729 3432 proprietatem
751 3348 848 3410 unius
866 3351 969 3413 mansi
991 3351 1043 3413 siti
1061 3352 1094 3412 in
1117 3369 1197 3434 pago
1218 3349 1437 3432 villePoppal‚
1459 3349 1627 3412 solventis

319 3439 455 3523 singulis
485 3439 578 3501 annis
608 3447 660 3500 VII
689 3437 829 3500 fertones
857 3440 929 3521 puri
955 3441 1092 3522 argenti,
1124 3459 1219 3522 quem
1249 3440 1308 3504 deo
1337 3438 1445 3502 devoti
1475 3439 1628 3502 dominus

319 3527 417 3593 abbas
438 3533 587 3610 totusque
609 3535 787 3590 conventus
810 3527 843 3590 in
866 3527 963 3592 Perta
983 3549 1003 3590 a
1023 3529 1119 3592 tratre
1141 3535 1248 3594 nostro
1278 3527 1415 3591 dilectob
1436 3527 1627 3592 Hermanno

318 3617 583 3700 Nuenburgensis
604 3615 736 3680 ecclesie
758 3618 911 3681 canonico
937 3638 994 3701 pro
1018 3627 1101 3682 XIIII
1121 3619 1235 3682 marcis
1256 3619 1379 3702 argenti
1398 3617 1630 3700 Vribergensis
1691 3693 1692 3704 χ

319 3707 381 3772 sibi
407 3705 605 3790 integraliter
632 3706 802 3788 persolutis
828 3715 988 3787 emerunt,
1015 3708 1166 3791 predictis
1196 3707 1349 3772 tratribus
1375 3707 1410 3769 in
1432 3707 1529 3770 Porta
1552 3726 1629 3770 con·
1691 3707 1692 3710 ’

317 3798 449 3861 tulimus
478 3798 518 3860 de
549 3803 658 3859 nostra
686 3795 787 3860 bbere
815 3797 978 3862 voluntate
1010 3800 1111 3881 ipsam
1145 3799 1368 3863 vendicionem
1396 3797 1631 3861 racionabilem

317 3889 522 3950 affirmantes.
564 3887 602 3949 ln
630 3887 723 3950 cuiue
747 3887 793 3950 rei
823 3889 1040 3952 testimonium
1068 3907 1142 3972 sepe
1170 3888 1264 3951 dictis
1288 3887 1441 3952 fratribus
1468 3889 1501 3951 in
1529 3887 1630 3950 Porta

317 3983 497 4062 presentem
526 3977 663 4039 litteram
696 3984 804 4041 nostro
835 3977 938 4062 sigillo
974 3979 1168 4041 contulimus
1195 3978 1383 4042 roboratam.
1434 3977 1546 4042 Huius
1585 3978 1633 4042 rai

318 4073 415 4132 testes
434 4073 509 4129 sunt
531 4065 1029 4148 dominusHeinricusCycensis
1050 4068 1183 4133 ecclesie
1207 4068 1395 4151 prepositus,
1417 4067 1633 4131 Hermannus

317 4159 356 4221 de
368 4156 589 4239 Starlrenberg‚
609 4156 738 4221 Vlricus
760 4157 799 4220 de
816 4155 934 4234 Ooldlz,
955 4157 1139 4220 Guntherus
1159 4157 1198 4219 de
1210 4155 1302 4219 Novo
1323 4163 1436 4236 castro,
1459 4155 1634 4220 Ditnrarus

316 4249 355 4312 de
387 4245 616 4327 Willerstetlre,
655 4245 845 4310 Lvdewicus
876 4246 915 4308 de
946 4245 1154 4329 Degenstete‚
1192 4246 1358 4309 conradus
1392 4247 1553 4330 pincerna
1593 4249 1634 4312 de

316 4339 447 4402 Saleclre
468 4337 613 4400 canonici
626 4336 651 4398 N
657 4337 897 4418 rienburgenses
919 4343 951 4400 et
971 4337 1023 4398 elii
1047 4337 1265 4422 quamplures
1282 4337 1348 4398 fide
1364 4336 1461 4420 digni.
1502 4334 1635 4402 Datum

316 4434 348 4491 et
378 4433 482 4490 actum
515 4427 547 4489 in
579 4425 757 4509 Nuenburg
787 4446 871 4489 anno
905 4427 1027 4489 domini
1057 4437 1157 4490 M⁰dc
1188 4427 1394 4510 nonagesimo
1429 4437 1478 4508 νο,
1505 4427 1544 4490 in
1581 4431 1636 4492 die

314 4516 480 4580 beatorum
501 4515 633 4580 Fabiani
655 4522 687 4579 et
708 4517 885 4579 Sebastiam
906 4518 1079 4579 martirum.

385 4617 594 4671 ‘soluentesT
660 4617 793 4672 bdilecto
811 4618 897 4672 fratre
914 4619 1055 4673 nostrol'
