3410 5146
301 381 335 436 92
584 353 585 356 i
673 381 903 437 Urlrnndenbueh
923 380 970 436 das
989 381 1115 436 Klostera
1135 381 1238 437 Psorta.

301 535 517 617 possessiones
548 554 621 597 curn
656 533 804 596 omnibus
835 535 902 598 suis
937 533 1150 617 pertinentiis,
1183 534 1216 595 in
1245 532 1361 614 quibus
1389 533 1446 596 hee
1472 532 1598 616 propriis

302 624 453 688 duxinms
493 623 701 706 exprimenda
740 623 921 686 vocabulis:
974 624 1080 686 locum
1116 624 1234 704 ipsum,
1278 623 1310 684 in
1349 642 1411 702 que
1450 622 1596 704 prefatum

302 715 529 777 monasterium
556 714 651 775 sitnm
680 719 740 789 est,
771 732 844 776 curn
872 713 1020 776 omnibus
1045 712 1244 795 pertinentiis
1266 713 1346 786 suis,
1366 712 1527 793 grangias,
1548 711 1599 774 sci-

301 804 376 867 licet
397 803 435 866 de
454 803 601 866 Gusende
623 823 697 865 cum
719 803 918 885 pertinentiis
932 804 1011 881 suis,
1032 801 1141 871 aliam,
1164 821 1225 882 qno
1239 809 1370 865 vocatur
1382 801 1599 882 Wincendorp,

301 893 409 970 aliam,
445 912 506 974 que
534 892 651 955 dicitur
678 892 830 968 Cocalou,
867 893 978 972 aliam,
1006 911 1067 974 que
1095 897 1227 954 coeatur
1253 891 1476 974 Bursendorp,
1504 890 1599 966 aliam,

301 1003 363 1064 que
385 989 517 1046 vocatur
538 981 711 1066 Seopccou,
742 988 774 1045 et
794 981 1055 1045 Hummelstedel
1077 1002 1150 1043 cum
1172 980 1354 1044 molendino
1377 987 1408 1042 ct
1429 1000 1502 1043 eum
1524 980 1601 1042 adia·

301 1079 392 1137 cente
421 1073 528 1152 vinea,
558 1073 690 1156 insuper
716 1074 837 1149 vineas,
869 1091 929 1152 que
956 1070 1102 1134 adiacent
1129 1071 1324 1154 Wineedorp
1355 1071 1484 1152 grangia
1514 1089 1600 1152 supra

301 1163 433 1245 scripte,
460 1182 532 1226 curn
567 1161 749 1224 molendino
781 1169 810 1226 ct
837 1182 910 1224 cnm
937 1161 1109 1244 piscatione
1130 1169 1161 1225 et
1182 1163 1317 1224 fruteeto
1339 1168 1370 1224 ot
1391 1161 1518 1236 salicto,
1539 1179 1601 1242 pre-

301 1259 386 1316 terea
409 1253 501 1316 aliam
524 1254 703 1335 grangiam,
725 1273 786 1333 qne
809 1256 939 1314 roratur
961 1251 1172 1328 (lernostcde,
1194 1271 1266 1314 cum
1287 1251 1442 1314 adiacenti
1467 1249 1558 1312 vinea
1574 1256 1600 1311 et

301 1349 422 1404 sarecto
450 1348 481 1405 et
502 1343 615 1424 pratis,
638 1341 744 1425 predia
767 1342 800 1402 in
823 1341 1015 1412 Crarreu‘isn,
1037 1340 1143 1408 aliurn.
1167 1359 1228 1420 qne
1250 1339 1366 1402 dieitur
1385 1339 1601 1419 Heehendorp.

300 1451 371 1493 crrrrr
409 1432 573 1496 adiacente
608 1432 754 1494 charaeta
787 1441 917 1493 etcum
945 1430 1025 1490 silva
1052 1435 1083 1491 et
1110 1429 1273 1491 adiacente
1300 1429 1408 1502 vinea,
1434 1428 1601 1508 grangiam

302 1541 363 1602 ipre
388 1523 504 1584 dicitnr
519 1521 710 1594 Odestorde,
732 1539 804 1582 eum
828 1520 1001 1602 piscatione
1024 1519 1054 1580 in
1078 1538 1169 1598 aqna..
1198 1523 1403 1599 qnorocatur
1421 1518 1602 1583 Hunstrutu.

302 1611 412 1678 aliam.
440 1631 501 1692 que
533 1612 649 1674 dicitnr
670 1610 781 1692 laepia.
801 1629 872 1672 curn
898 1609 1079 1672 molendino
1101 1608 1265 1670 adiacente
1288 1615 1318 1672 ct
1340 1627 1412 1669 crrrrr
1435 1607 1601 1691 piscatione

300 1702 331 1762 in
366 1721 461 1782 aqua,
503 1722 563 1782 quc
596 1702 712 1764 dicitur
742 1699 862 1784 Luppa,
897 1699 1005 1772 aliam,
1038 1718 1099 1781 qne
1133 1703 1263 1762 vocatur
1291 1697 1506 1778 Mirtendorp,
1534 1715 1601 1758 cunr

301 1791 464 1855 adiacente
479 1793 568 1854 rinea
588 1797 619 1854 ct
634 1791 779 1853 charecto
798 1799 829 1853 et
851 1789 1047 1866 molendino,
1070 1809 1180 1862 unani,
1204 1808 1265 1868 quc
1281 1787 1397 1849 dicitnr
1416 1787 1604 1868 lllanringhc.

301 1890 332 1942 et
358 1901 475 1963 pascua
505 1881 543 1943 de
566 1880 760 1943 Catzcnrode
783 1898 855 1941 curn
879 1879 1042 1940 adiacente
1065 1897 1138 1940 area
1160 1877 1198 1938 ad
1223 1876 1439 1939 molendinum
1465 1882 1605 1939 constrn·
1694 1928 1695 1948 p

302 1971 435 2043 andum,
469 1970 647 2052 grangiam,
685 1989 746 2049 qne
774 1977 905 2032 rocatur
927 1969 1025 2044 Vere,
1052 1988 1123 2030 cum
1153 1968 1325 2050 piscatione
1355 1967 1386 2027 in
1419 1985 1516 2046 aqna..
1546 1985 1604 2046 qne
1693 1979 1694 2042 t

302 2070 434 2122 roratur
452 2059 620 2131 Vnstruta,
655 2065 685 2122 ct
713 2059 858 2122 charecto
891 2067 922 2120 ct
947 2058 1071 2130 salicta,
1099 2059 1229 2139 insuper
1256 2057 1376 2128 villam,
1404 2075 1465 2136 que
1493 2055 1606 2117 dicitur
1693 2073 1696 2104 1

301 2149 516 2227 ssronauwar
550 2157 582 2212 et
616 2149 709 2210 aliam
732 2148 857 2226 villani,
885 2167 947 2229 que
974 2155 1105 2210 vocatur
1128 2147 1285 2224 Hircen‚³
1314 2165 1386 2212 cum
1409 2147 1502 2208 vinea
1523 2145 1606 2207 adia·

302 2245 402 2308 cente,
451 2245 595 2321 preterca
629 2238 732 2300 lacum
769 2239 800 2298 in
840 2239 992 2314 marchia,
1024 2257 1085 2318 qne
1118 2238 1234 2300 dicitur
1254 2236 1376 2313 ln'zist,
1408 2237 1458 2299 eui
1493 2253 1606 2298 nomen

304 2327 428 2392 Holtse.
462 2331 492 2390 in
527 2329 667 2390 confinio
702 2327 789 2390 urhis
826 2337 857 2391 et
892 2328 1028 2390 civitatis
1060 2327 1247 2390 Sturlruorre
1281 2346 1354 2388 cum
1381 2326 1500 2388 mansis
1525 2328 1607 2394 ctum*

302 2419 392 2480 iuxta
412 2417 516 2480 laeum
540 2421 617 2480 XXl
641 2423 672 2480 et
695 2417 824 2482 Kelinze
847 2420 1003 2494 LXXXltl,
1027 2437 1088 2498 que
1111 2416 1217 2478 onmia
1239 2415 1331 2478 simul
1354 2422 1385 2478 ct
1407 2415 1503 2478 semel
1526 2414 1608 2477 Con·
1694 2413 1695 2462 l

302 2506 398 2569 radus
435 2508 573 2570 marchio
608 2507 646 2570 de
673 2506 874 2570 Laudesherc
908 2528 981 2570 cnm
1019 2508 1126 2570 farore
1159 2512 1265 2568 nostro
1294 2505 1440 2568 Portensi
1476 2504 1610 2568 contulit

302 2596 435 2659 ecclesie
446 2598 477 2658 in
493 2597 700 2678 Aldenhurg4
713 2598 913 2679 presentibus
926 2596 1122 2680 principibus
1141 2596 1220 2658 duce
1233 2595 1411 2662 Bernardo.
1424 2595 1609 2658 Hermanno

286 2686 493 2767 lantgravio,
520 2685 712 2749 Theoderico
741 2686 923 2750 marchione
948 2686 1108 2749 llisnense
1137 2691 1168 2748 ct
1189 2684 1258 2747 aliis
1280 2684 1433 2766 pluribus.
1475 2684 1612 2765 Insuper

304 2793 504 2856 quecumque
541 2775 623 2838 bona
660 2775 853 2856 ubicumque
893 2777 1049 2838 locorum.
1086 2776 1117 2837 in
1158 2774 1261 2848 silvis,
1288 2774 1320 2835 in
1347 2774 1431 2856 agris
1456 2773 1552 2837 cultis
1581 2779 1610 2834 ct

302 2865 443 2936 incultis,
465 2867 497 2928 in
522 2867 660 2950 pascuis,
682 2867 712 2927 in
737 2866 828 2946 aquis
849 2873 880 2929 et
902 2883 1054 2947 aquarum
1079 2863 1278 2941 ,decursibus
1305 2862 1354 2926 rel
1382 2863 1611 2945 piscationibus

302 2955 455 3036 possidet,
492 2975 602 3018 ornnes
632 2954 793 3018 libertates
821 2962 852 3018 et
882 2955 1047 3038 privilegia
1079 2961 1110 3018 et
1141 2955 1327 3016 donationes
1356 2953 1416 3035 ipsi
1449 2973 1467 3014 a
1497 2953 1610 3036 preda-

302 3043 481 3108 cessoribus
521 3046 637 3107 nostris
663 3045 814 3107 Romanis
851 3043 1095 3128 imperatoribus
1131 3043 1182 3107 rel
1213 3043 1468 3124 quibuscumque
1501 3041 1611 3105 liberis·

302 3135 368 3197 sire
396 3133 655 3198 ministerialibus
684 3135 804 3216 imperii
834 3133 963 3196 collatas
992 3140 1023 3197 et
1054 3133 1273 3216 exemptiones
1309 3131 1499 3195 secularium
1533 3151 1611 3194 ena-

302 3225 442 3286 ctionum
465 3223 691 3286 confirmantes
708 3223 845 3286 illibatas
866 3225 1058 3305 precipimus
1080 3223 1229 3306 deinceps
1248 3220 1418 3285 observari.
1450 3221 1612 3285 Premissc

303 3332 377 3376 vero
400 3313 599 3376 concessioni
620 3313 659 3375 ob
681 3313 857 3376 remedium
881 3313 984 3375 anime
1006 3321 1112 3375 nostre
1135 3319 1165 3375 et
1187 3331 1406 3374 suceessorum
1429 3315 1611 3374 nostrorum

302 3404 529 3485 imperatorum
572 3401 623 3465 rel
664 3421 773 3482 regum
818 3401 987 3478 adicimus,
1037 3407 1083 3472 nt,
1137 3402 1289 3482 quicquid
1333 3401 1484 3484 deinceps
1523 3400 1612 3464 idem

302 3492 528 3556 monasterium
569 3491 608 3554 da
639 3491 730 3554 bonis
755 3491 880 3573 imperii
909 3491 1001 3553 iustis
1028 3492 1129 3554 modis
1157 3492 1253 3553 fuerit
1282 3491 1431 3574 adeptrrm
1459 3491 1524 3552 sire
1556 3508 1614 3571 par

303 3583 494 3664 emptionem
520 3583 585 3644 sire
608 3601 664 3664 per
685 3581 964 3644 commutationem
987 3601 1041 3643 seu
1067 3601 1122 3663 per
1143 3581 1386 3643 elemosinarum
1409 3579 1612 3661 largitionem

305 3671 353 3734 rel
390 3671 451 3735 alio
487 3674 571 3734 iuste
609 3671 703 3734 modo
736 3691 753 3732 a
785 3689 986 3752 (precumque
1019 3689 1154 3754 persona
1184 3670 1282 3734 libera
1313 3670 1380 3732 sire
1411 3667 1615 3731 ministeriali

304 3762 436 3844 imperii,
457 3781 522 3824 non
544 3763 696 3843 requisito
711 3779 805 3842 super
826 3761 885 3822 hee
909 3761 1030 3843 spetiali
1052 3779 1183 3823 assensu
1207 3766 1314 3822 nostro
1330 3759 1463 3821 licenter
1479 3757 1614 3840 recipiat

303 3855 334 3912 et
366 3851 472 3930 quiete
504 3851 677 3932 possideat.
706 3851 747 3912 ita
776 3857 810 3911 nt
838 3850 923 3911 nulla
955 3851 1003 3912 lex
1032 3851 1188 3932 generalis
1211 3849 1260 3912 rel
1282 3849 1405 3931 prirata
1425 3849 1485 3909 hoc
1506 3846 1614 3909 valeat

303 3939 465 4021 impedire.
517 3939 676 4022 imperiali
714 3939 810 4019 igitur
848 3941 1033 4002 auctoritate
1069 3941 1252 4014 statuimus,
1285 3946 1320 4000 ut
1356 3935 1445 4000 nrrlla
1474 3955 1614 4020 persona

303 4028 454 4092 secularis
476 4036 530 4091 aut
551 4029 764 4092 ecelesiastica
786 4029 962 4111 predictum
985 4031 1213 4092 monasterium
1234 4029 1264 4090 in
1289 4027 1385 4091 rebus
1396 4027 1447 4090 rel
1465 4026 1615 4109 personis

303 4125 413 4181 contra
439 4125 579 4182 tenorem
602 4119 697 4182 huius
713 4117 871 4200 privilegii
893 4118 1061 4181 molestare
1083 4121 1157 4180 autb
1177 4118 1252 4180 huie
1273 4117 1470 4181 concessioni
1493 4113 1615 4177 audeat

303 4209 467 4271 contraire.
511 4208 663 4289 Alioquin
686 4214 717 4269 et
739 4214 877 4269 nostram
901 4207 1150 4289 indignationem
1175 4209 1315 4270 incurret
1336 4211 1367 4270 et
1388 4206 1551 4277 columna,
1579 4212 1616 4264 ut

303 4298 332 4359 in
368 4317 482 4380 penam
509 4298 696 4361 temeritatis
724 4303 911 4381 conrponat⁰
940 4297 1148 4380 quadraginta
1175 4316 1298 4358 marcas
1327 4297 1411 4370 ariri,
1440 4293 1613 4357 dimidium

302 4407 426 4451 camere
465 4395 571 4451 nostro
614 4395 645 4451 et
686 4387 851 4449 dimidium
895 4386 1028 4450 ecclesie
1069 4387 1216 4448 iniuriam
1258 4405 1362 4468 passe,
1403 4391 1435 4447 et
1475 4391 1511 4446 ut
1550 4382 1616 4444 hec
1696 4419 1697 4428 κ

304 4483 410 4539 nostra
451 4479 613 4541 concessio
660 4477 746 4540 omni
790 4481 930 4558 tempore
968 4475 1161 4537 inviolabilis
1196 4480 1391 4557 perseveret,
1428 4477 1615 4556 presentem
1696 4531 1697 4550 χ

302 4568 449 4648 paginam
486 4567 589 4650 sigillo
621 4572 729 4630 nostro
763 4567 897 4629 fecimus
928 4565 1126 4630 communiri.
1175 4563 1280 4639 Huius
1322 4564 1368 4628 rai
1407 4567 1503 4626 testes
1532 4569 1617 4624 sunt
1696 4593 1697 4640 t
