3410 5146
444 403 448 410 .
545 346 638 408 Nata
648 345 921 408 n-twtll-tala
1351 345 1385 408 97

159 503 199 567 in
226 504 354 568 nomine
386 509 494 569 sancto
525 509 557 568 et
583 503 748 567 individuo
774 503 931 565 trinitatis.
978 501 1184 566 Hermannus
1212 501 1262 567 dei
1289 505 1452 608 gratia

95 595 253 678 thuringie
288 595 472 678 langravius
508 601 540 658 et
571 593 710 658 Saxonis
745 611 853 655 comes
887 591 1054 674 palatinus
1105 592 1225 656 Notum
1254 572 1452 660 iacimus

97 684 232 747 omnibus
259 684 372 748 Christi
409 684 561 747 fidelibus
593 682 794 767 presentibus
823 687 854 744 et
881 682 1010 760 futuris,
1038 681 1123 762 quod
1152 681 1322 746 Bernoms
1350 684 1389 748 de

95 773 255 837 Rudestete
279 774 495 836 ministerialis
516 777 624 837 noster
644 773 683 836 dc
701 771 891 852 quibusdam
906 770 998 833 bonis
1013 771 1092 848 suis,
1115 770 1264 834 videlicet
1251 779 1388 836 tmanso

96 883 146 924 uno
172 869 206 926 et
233 863 364 926 dimidio
386 863 520 944 aliisque
542 862 732 938 attinentiis,
758 860 845 922 sitist
867 859 899 922 in
921 859 1013 937 villa,
1037 878 1098 941 que
1120 859 1237 924 dicitur
1257 861 1336 940 Ver,
1357 869 1389 926 et

94 953 245 1035 adipsum
269 953 338 1016 iurc
360 953 560 1036 proprietatis
582 950 798 1036 spectantibus
817 949 1040 1012 concambium
1055 949 1131 1012 iecit
1146 969 1220 1014 cum
1238 951 1389 1016 iratribus

95 1041 289 1106 Portcnsibus
319 1042 378 1105 hoc
406 1043 515 1105 modo:
544 1041 749 1126 possidebant
775 1040 808 1101 in
835 1038 1206 1121 villapredictairatres
1228 1041 1388 1105 iamdicti

92 1133 243 1212 grangiam
256 1151 353 1194 unam
374 1137 413 1206 et,
435 1132 509 1212 quia
530 1131 613 1193 bona
634 1132 693 1202 bec
714 1129 773 1192 sub
795 1129 941 1192 culturab
962 1129 1106 1194 ciusdem
1126 1132 1257 1212 grangia
1275 1132 1389 1214 redigi⁰

92 1227 239 1302 poterant,
271 1228 491 1284 convenerunt
521 1239 579 1303 pro
606 1225 770 1283 contractu
798 1237 909 1281 eornm
937 1237 1009 1280 cum
1039 1219 1161 1302 prelato
1188 1221 1388 1288 ministeriali

90 1317 186 1373 nostro
215 1311 341 1394 ipsique
373 1309 502 1384 iratres,
531 1317 566 1372 ut
593 1310 726 1373 ecclesie
748 1308 831 1370 bona
851 1326 946 1390 supra
968 1306 1052 1370 dicta
1073 1308 1286 1388 contraderet,
1308 1311 1388 1374 duos

90 1419 206 1464 mansos
234 1400 369 1464 ecclesie
398 1419 507 1463 eorum
539 1401 724 1476 attinentes,
754 1399 831 1460 sitos
855 1397 999 1474 invilla,
1028 1417 1089 1478 que
1112 1397 1242 1462 Ramsla
1263 1400 1387 1482 dicitur,

89 1487 230 1552 Bemolfo
260 1490 427 1552 restituere
456 1490 679 1571 promiserunt.
726 1485 789 1562 Qui
816 1486 962 1550 condicto
990 1487 1063 1549 hide
1089 1489 1292 1552 consentiens
1318 1509 1388 1572 per·

88 1579 263 1642 missionem
289 1587 321 1642 ct
347 1597 538 1642 consensum
563 1585 706 1642 nostrum
729 1595 824 1658 super
845 1575 904 1638 boc
926 1576 1015 1658 petiit
1035 1583 1067 1640 et
1089 1576 1233 1641 obtinuit.
1274 1579 1387 1660 ltaque

88 1666 182 1731 tactus
217 1675 266 1730 est
300 1667 384 1730 idem
423 1673 604 1731 contractus
628 1669 720 1730 iuxta
746 1673 888 1730 tenorem
914 1667 1139 1748 premissorum
1168 1669 1202 1730 in
1228 1671 1388 1751 presentia

88 1765 194 1833 nostra,
223 1757 439 1820 annuentibus
464 1757 557 1821 nobis
585 1762 617 1821 et
643 1759 708 1820 iam
729 1757 804 1818 dicti
831 1755 974 1820 Bernolii
996 1756 1182 1836 heredibus,
1210 1758 1388 1822 Herdeinol

88 1845 199 1910 scilicet
227 1855 260 1910 et
285 1847 355 1910 aliis
381 1847 669 1918 consentientibus,
691 1845 884 1925 tradiditque
910 1845 1082 1912 Bernoltus
1113 1846 1194 1910 bona
1214 1856 1387 1912 memorata

87 1938 270 1999 monasterio
292 1936 437 1999 Portensi
466 1936 566 2000 libera
591 1945 622 1998 et
643 1934 789 1997 absoluta
812 1933 851 1996 ab
874 1935 960 1998 omni
981 1935 1049 1998 iure
1071 1936 1235 1999 advocatie
1256 1945 1288 1999 et
1310 1957 1386 2019 qua-

89 2021 158 2086 libet
194 2026 362 2088 exactione
402 2031 433 2088 et
469 2025 661 2108 obligatione
699 2032 731 2088 et
760 2025 880 2106 recepit
909 2025 977 2106 ipse
1009 2045 1026 2090 a
1058 2024 1210 2090 iratribus
1242 2028 1383 2090 eiusdem

88 2115 260 2177 monasterii
295 2121 461 2197 pretaxate
500 2115 582 2178 bona
614 2135 632 2176 a
661 2115 723 2176 iam
757 2113 850 2176 dictis
880 2114 1106 2196 inpedimentis
1135 2115 1386 2180 nichilominus

86 2200 177 2265 libera
204 2208 236 2266 et
257 2204 410 2266 absoluta.
454 2205 497 2269 Ut
518 2208 625 2268 autem
645 2203 765 2266 iactum
786 2201 846 2266 hoc
866 2203 996 2264 firmum
1018 2210 1049 2265 et
1070 2204 1294 2268 inconvulsum
1316 2225 1387 2288 per·

86 2298 201 2356 sereret
240 2294 490 2376 imperpetuum,
529 2295 677 2378 paginam
715 2293 798 2356 bano
835 2292 910 2356 inde
951 2295 1159 2375 conscriptam
1199 2297 1385 2360 auctoritate

86 2387 185 2443 nostra
206 2382 435 2446 confirmamus
456 2391 488 2446 et
508 2382 604 2465 sigilli
625 2383 723 2446 nostri
740 2382 938 2464 inpressione
956 2391 988 2444 et
1005 2383 1132 2446 testimo
1153 2384 1385 2467 subscriptione

85 2472 319 2534 commuuimus.
362 2471 470 2536 Testes
491 2479 567 2536 sunt
587 2472 764 2554 prepositus
785 2470 1061 2552 Babenbcrgensis
1083 2473 1210 2536 maioris
1231 2474 1386 2554 ecclesie,e

86 2555 264 2624 libebardus
300 2562 479 2644 prepositus
510 2561 737 2638 Goslariensis,
764 2559 970 2624 Hermannus
996 2561 1169 2625 advocatus
1194 2563 1233 2625 de
1263 2563 1384 2644 Saleia,

85 2645 249 2712 Heinricus
277 2649 472 2714 marscalcus
500 2650 683 2733 lantgravii,
709 2650 882 2712 Heinricus
907 2650 946 2713 de
968 2650 1123 2728 Crozene,
1142 2652 1323 2716 Hertwicus
1345 2654 1383 2717 de

86 2734 281 2812 liuenstetef,
310 2739 484 2804 Heinricus
515 2740 554 2802 de
576 2739 705 2822 Rogelia
726 2745 757 2803 et
779 2744 874 2820 quam
896 2739 1004 2822 plures
1025 2741 1086 2804 alii.
1128 2743 1210 2806 Acta
1231 2751 1305 2806 sunt
1326 2744 1384 2806 bec

84 2843 162 2890 anno
183 2827 220 2892 ab
242 2829 461 2892 incantatione
484 2829 603 2892 domini
625 2838 791 2906 ll⁰co⁰X1⁰,
813 2829 986 2892 indictione
1006 2839 1084 2894 ΧΨ.

148 2945 234 2997 ²auis
262 2944 288 2997 Τ
349 2935 517 2997 ιὀιιΙιιπαιιι
540 2945 565 2997 T
623 2946 708 2997 L'non
728 2949 856 3014 poterant
875 2943 904 2998 D
967 2935 1143 2998 “Herdonio
1165 2947 1188 2998 Τ
1243 2945 1383 3000 ‘maioris

84 3019 190 3076 ecclesie
207 3021 393 3090 kathedralis,
413 3023 529 3092 dapepcn
546 3025 613 3090 selelt
631 3022 795 3077 Ekebardus
816 3023 840 3075 Τ
905 3017 912 3052 ¹
931 3022 1088 3078 Lieucsteta
1105 3025 1167 3078 oder
1184 3025 1342 3080 Lieuestete
1362 3027 1386 3080 Τ

801 3183 851 3192 ...-

83 3249 185 3333 1212.
399 3275 402 3282 '
1319 3259 1381 3340 73.

158 3387 304 3452 Mmbet
337 3387 430 3468 Gaas
448 3407 507 3451 von
536 3387 683 3452 Gleicben
710 3389 779 3451 atad
807 3388 882 3469 Voyt
902 3409 961 3453 von
981 3389 1107 3473 Erfurt,
1130 3388 1272 3456 Dianitis
1300 3393 1382 3459 Vita-

118 3479 185 3540 lam
208 3497 266 3541 oon
282 3476 423 3559 Apobia,
448 3477 515 3540 sein
537 3476 667 3540 Brader
688 3477 743 3540 der
764 3477 951 3541 nominarer
961 3477 1102 3543 Dictrirl
1123 3483 1193 3544 aad
1213 3482 1264 3545 dic
1283 3481 1382 3548 Rata

119 3570 249 3630 mdnacr
277 3568 332 3632 der
359 3565 450 3632 &aaa
476 3567 595 3649 Erfurt
623 3565 789 3646 atacem
810 3569 878 3630 dem
899 3567 1026 3632 Klosicr
1046 3571 1154 3651 Psote
1173 3591 1246 3636 aum
1266 3573 1381 3638 directa

117 3655 174 3736 fair
201 3659 248 3720 cin
273 3661 434 3722 aaudiat
461 3657 647 3737 Hospitol'
634 3677 670 3718 aa
696 3655 792 3736 Foloe
818 3657 1146 3724 scbiedsriobterlicber
1174 3661 1380 3746 Vermitllunp

118 3763 209 3808 enen
228 3745 299 3828 Hos
316 3747 363 3810 bei
383 3747 438 3809 der
460 3746 729 3810 &centenariae
747 3745 1103 3832 [Lebmunnsbritclte?].

227 3879 682 3949 Hdscla.:1>41(at.Erfordia).
718 3871 828 3935 Tatal

227 3987 349 4042 Druck&
378 3985 776 4057 01ιπιιηιρᾶω91.οε9ωὺωέ1ιι
803 3987 859 4052 aas
881 3987 933 4040 den
959 3989 1171 4044 mamman'acbaa
1196 3990 1307 4046 Beriobt
1335 3991 1380 4049 dat

275 4067 405 4135 Erratifla
430 4067 525 4120 Maiae
549 4084 575 4122 u.
591 4083 611 4125 s.
627 4084 658 4120 w.
684 4066 799 4133 (Ersurt
817 4069 898 4134 164⁶)
922 4067 990 4126 Reii.
1010 4067 1063 4121 Nr.
1078 4073 1102 4127 8,
1141 4069 1248 4138 Latatp,
1272 4073 1379 4128 Reicitu-

273 4147 371 4201 arcta'c.
398 4147 467 4200 Para
484 4163 549 4214 spec.
569 4145 674 4204 Ooatrln.
686 4145 738 4212 IV,
764 4144 812 4202 Ta.
825 4145 872 4211 II,
896 4149 955 4204 426,
994 4145 1172 4218 Sapilianus,
1192 4151 1316 4205 Historia
1333 4154 1380 4206 dar

277 4227 401 4296 Grufacb.
414 4226 590 4280 Gletetento.
618 4225 905 4292 Βαταοὴ-ΒεΙιαιηεΙΙ,
924 4230 984 4280 225.
1012 4243 1033 4279 r.
1046 4225 1243 4298 Falclsettctein,
1260 4231 1380 4288 Historia

276 4324 325 4360 mn
343 4305 473 4374 Erffamt
492 4309 532 4360 72.
569 4305 707 4372 lavabat,
733 4305 897 4374 Vcrfaasanp
915 4323 965 4360 ron
984 4305 1087 4374 Erfurt
1106 4313 1163 4364 110.
1200 4309 1298 4381 Beyer,
1321 4313 1378 4375 ΗΒ,

274 4403 323 4440 oon
341 4385 445 4453 Fffsurt
462 4385 488 4450 I,
507 4389 542 4438 34
560 4386 642 4452 (acolt
659 4385 836 4452 seblerltoftcr·
851 4384 979 4455 Vorlopc).
1016 4387 1152 4442 Deutacb:
1179 4389 1262 4458 Wolff
1274 4391 1300 4458 1,
1317 4397 1377 4450 289.

282 4465 334 4534 Vpl.
355 4463 505 4532 PcnttcbI,
523 4465 581 4518 103.
608 4465 862 4518 naracustoma
871 4464 895 4526 Ι,
915 4467 959 4521 66,
987 4465 1176 4536 &meamea
1207 4467 1377 4542 Hominibus,

275 4545 376 4612 arun
393 4544 419 4610 Ι,
439 4547 497 4598 126.
534 4543 654 4600 &aaa
672 4543 714 4610 ΙΙ,
734 4548 793 4598 tre.

134 4645 378 4702 ammana.
394 4645 507 4690 maxx.
1163 4650 1178 4714 χ
