3410 5146
589 395 761 460 nnat-as.
781 393 858 458 122⁰,
1332 375 1384 444 nt

158 560 323 629 Honorius
344 557 520 644 episcopus,
542 575 654 622 servus
675 571 842 619 servorum
864 550 923 614 dei.
965 543 1098 612 Dilectis
1118 545 1204 626 iiliis,
1225 545 1332 610 abbati
1352 550 1384 609 et

93 655 254 719 conventui
260 647 618 728 Portensibus,salutem
628 652 662 708 et
670 642 875 728 apostolicam
885 638 1149 704 benedictionem.
1167 637 1264 700 Iustis
1274 642 1384 721 peten-

92 747 159 808 tirnn
187 742 353 808 desideriis
381 739 515 820 dignum
546 741 594 800 est
617 754 676 798 nos
706 733 833 796 facilem
861 727 993 814 prebere
1021 745 1213 791 consensum
1240 735 1273 790 et
1301 733 1384 806 rota,

93 854 144 916 que
169 855 189 896 a
215 831 347 896 rationis
372 829 497 893 tramite
523 845 589 889 non
615 822 810 900 discordant,
839 819 957 883 eiiectn
984 822 1196 902 prosequente
1216 817 1384 900 complere.

90 924 130 986 Ea
152 927 296 1008 propter,
317 919 425 983 dilecti
454 918 486 980 in
515 915 644 978 domino
663 911 738 991 11111,
758 910 872 976 vestris
892 908 985 970 iustis
1006 905 1273 990 postulationibus
1295 913 1383 989 grato

91 1017 307 1076 concurrentes
335 1027 466 1072 assensu
494 1023 656 1080 mansum,
683 1019 778 1082 quem
799 998 920 1062 habetis
941 997 972 1059 in
995 995 1200 1075 Borsendcri,
1219 1015 1293 1060 cum
1315 997 1384 1064 loco

90 1103 256 1167 molendini
284 1107 315 1166 et
340 1107 428 1184 parte
455 1097 572 1158 montis
592 1095 626 1156 in
648 1089 844 1155 Bursendori
869 1107 942 1150 cum
963 1085 1162 1170 pertinentiis
1184 1086 1250 1150 suis
1271 1091 1303 1149 ct
1324 1087 1386 1150 elia

90 1191 164 1254 bona
196 1195 315 1268 vestra,
354 1207 415 1270 quc
454 1183 623 1268 emptionis
659 1181 728 1244 iure
758 1198 777 1240 a
808 1177 954 1242 Conrado
985 1175 1085 1238 milite
1117 1175 1156 1237 de
1190 1175 1386 1240 Bursendori

90 1281 272 1346 monasterio
294 1285 400 1343 vestro
422 1274 595 1356 acquisisse
618 1269 797 1346 noscimini,
818 1269 901 1331 sicut
921 1287 959 1330 ea
980 1266 1086 1328 onmia
1106 1266 1188 1328 iuste
1206 1271 1238 1328 91
1253 1265 1385 1348 pacifice

90 1373 249 1454 possidetis
275 1373 307 1434 91
330 1370 365 1432 in
392 1365 552 1429 autentico
574 1361 692 1425 exinde
713 1359 857 1422 confecto
879 1357 1005 1442 plenius
1026 1355 1221 1432 continetur,
1243 1355 1333 1420 vobis
1355 1361 1387 1418 et

89 1482 138 1544 per·
164 1483 222 1526 ros
248 1459 442 1524 monasterio
467 1457 572 1517 vestro
601 1451 787 1514 auctoritate
814 1445 986 1532 apostolica
1011 1444 1238 1507 confirmamus
1264 1451 1296 1508 et
1315 1465 1386 1528 pre-

88 1554 180 1615 sentis
205 1551 315 1634 scripti
341 1545 516 1632 patrocinio
541 1539 784 1605 communimus.
836 1536 925 1600 Nulli
954 1553 1029 1618 ergo
1062 1535 1190 1597 omnino
1218 1535 1386 1596 bominum

89 1641 176 1704 liceat
196 1643 278 1703 hanc
295 1637 444 1722 paginam
463 1637 571 1697 nostre
594 1628 846 1694 confirmationis
867 1627 1042 1708 infringere
1063 1627 1115 1690 rel
1136 1625 1165 1688 ei
1186 1643 1266 1688 ausu
1289 1630 1386 1688 teme-

89 1731 164 1794 rario
185 1729 352 1795 contraire.
395 1725 428 1788 Si
457 1725 530 1806 quis
559 1727 666 1784 autem
694 1719 754 1781 hoc
777 1722 962 1800 attemptare
983 1716 1220 1799 presumpserit,
1239 1715 1386 1797 indigna·

88 1822 200 1884 tionem
226 1815 451 1901 omnipotentis
479 1812 531 1876 dei
557 1818 588 1873 et
616 1810 782 1873 beatorum
811 1805 896 1870 Petri
915 1812 948 1869 et
968 1805 1061 1868 Pauli
1081 1804 1294 1889 apostolorum
1316 1805 1386 1866 eius

88 1931 117 1974 se
138 1911 263 1974 noverit
282 1909 496 1970 incursurum.
525 1900 642 1964 Datum
662 1897 810 1962 Laterani
832 1905 856 1958 V
877 1895 949 1958 idus
963 1893 1162 1971 Novembris,
1183 1893 1386 1976 pontificatus

88 2001 180 2063 nostri
202 2017 287 2062 anno
310 1997 430 2078 quinto.

622 2119 873 2132 2———————·!

88 2291 196 2374 1220.
222 2283 464 2370 November
490 2281 555 2362 lc.
582 2277 706 2376 Rom,
738 2277 938 2358 Lateran.
1305 2246 1386 2357 1811

163 2447 264 2529 Popst
289 2437 539 2510 1199911991Ιῖ.
568 2435 711 2515 1991911191
738 2433 807 2497 dem
835 2431 962 2496 Kloster
982 2429 1090 2514 meie
1120 2431 1179 2494 dea
1200 2431 1387 2496 1199119999

125 2534 382 2622 9911191919
408 2525 616 2594 Haasolrlebeu
636 2525 812 2604 uud11¹t2
835 2521 946 2605 Hufea
969 2523 1005 2584 ia
1034 2517 1147 2598 Vetere,
1181 2521 1232 2584 die
1251 2521 1388 2584 9199991199

123 2650 189 2694 vom
210 2625 339 2692 Ktostcr
361 2617 508 2701 Hersseld
529 2615 629 2679 duret
650 2613 752 2695 Kcuf
767 2613 919 2676 emoriere
940 2611 1003 2675 bct.

233 2763 365 2820 Educta:
392 2760 436 2814 Or.
452 2758 526 2825 Perp.
549 2757 599 2808 mit
621 2752 759 2821 Bleiat'cpel
781 2767 821 2804 aa
843 2751 938 2804 rothen
959 2749 1019 2803 mad
1035 2750 1125 2818 peltata
1142 2749 1264 2804 aeideacn
1284 2750 1385 2816 abulen.

283 2841 408 2899 meum
425 2838 462 2892 H.
474 2837 513 2894 bt.
524 2835 558 2888 A.
574 2833 694 2887 Nr.227.
712 2861 745 2872 —
765 2830 795 2884 D
806 2833 841 2882 38
858 2831 911 2895 (at.
922 2829 999 2898 Ver).
1264 2853 1267 2858 -

232 2958 356 3016 noan·
374 2954 514 3019 socaqa
525 2967 552 3002 u.
565 2945 692 3016 99191,
712 2944 842 2998 Nouae
853 2943 911 3010 ur,
931 2947 990 2999 aas.
1017 2943 1382 3011 cannamomum.

282 3036 415 3094 nemu.-
440 3029 631 3098 9991999.
655 3025 711 3094 911.
730 3024 869 3094 scuritas
880 3025 916 3078 99
934 3025 967 3092 (1.
975 3042 1001 3082 a.
1013 3026 1098 3092 1221).
1127 3026 1383 3094 9999911999

284 3116 406 3172 ranan
424 3111 450 3179 r,
468 3109 521 3165 ru.
534 3110 611 3164 eaor.

163 3262 176 3342 l(
200 3255 364 3322 Honorius
387 3249 399 3330 11
433 3249 609 3332 episcopus,
639 3262 751 3308 servus
773 3261 937 3306 servorum
970 3241 1029 3303 dei.
1081 3240 1213 3306 Dilectis
1230 3225 1319 3306 'titiis

86 3352 188 3416 abbati
212 3353 243 3412 91
262 3339 435 3409 conventui
457 3335 605 3400 dePorta
615 3331 835 3396 cisterciensis
856 3330 977 3394 ordinis
990 3331 1168 3395 salutemet
1182 3333 1384 3416 apostolicam

87 3439 348 3506 benedictionem.
381 3429 461 3492 Cum
483 3446 502 3488 a
522 3422 615 3486 nobis
635 3421 761 3506 petitur,
784 3422 868 3504 quod
889 3421 1010 3484 iustum
1026 3423 1308 3503 estethonestum,¹
1322 3429 1385 3487 tam

86 3534 173 3614 rigor
206 3523 356 3608 equitatis
388 3535 485 3599 quum
515 3514 592 3576 crdo
624 3512 724 3594 exigit
754 3510 900 3588 rationis,
931 3516 967 3573 ut
997 3511 1031 3573 id
1055 3530 1113 3594 per
1140 3511 1387 3576 sollicitudiuem

84 3619 180 3682 cilicii
208 3613 309 3678 nostri
336 3609 376 3672 ad
403 3603 545 3670 debitum
569 3599 764 3684 perducatur
789 3599 948 3663 effectum.
990 3598 1038 3662 lia
1065 3605 1206 3683 propter,
1228 3599 1334 3664 dilecti
1353 3603 1387 3665 tn

85 3709 215 3771 domino
238 3703 313 3781 filii,
340 3695 455 3762 uestris
479 3689 573 3756 iustis
599 3688 865 3773 postulationibus
890 3693 980 3771 grato
1006 3693 1233 3754 concurrentes
1255 3705 1387 3756 1111111111

84 3816 201 3861 norem
229 3809 358 3857 mansos
386 3793 417 3850 et
444 3781 626 3858 dinridium,
647 3797 727 3859 quos
748 3777 870 3841 habetis
891 3780 923 3840 in
947 3777 1022 3841 villa
1042 3779 1292 3860 Henscosleuen,
1314 3789 1387 3844 cum

85 3909 157 3952 area
186 3879 363 3948 molendini
393 3893 453 3939 uec
479 3890 543 3935 nou
576 3869 725 3932 undecim
752 3887 880 3930 mansos
901 3878 932 3930 et
954 3867 1135 3947 dimidium,
1165 3889 1245 3952 quos
1266 3869 1388 3934 habetis

84 3978 169 4062 apud
205 3971 388 4060 grangiam·
413 3969 551 4028 uestram
579 3959 613 4021 in
634 3957 733 4036 Vere,
761 3975 834 4019 curn
862 3957 928 4022 suis
945 3959 1159 4040 pertinentiis,
1181 3979 1261 4040 quos
1282 3961 1321 4022 ab
1345 3995 1350 4009 -
1377 3995 1386 4008 ·

85 4069 199 4131 abbate
228 4071 258 4128 et
286 4061 447 4125 conventu
468 4045 751 4116 Hersfeldensibus
777 4047 946 4130 emptionis
967 4049 1036 4112 iure
1057 4049 1249 4112 monasterio
1284 4054 1387 4113 vestro

84 4155 275 4241 acquississe
303 4148 375 4232 (stc)
404 4139 586 4216 noscimini,
613 4138 698 4200 siout
718 4155 756 4198 99
777 4138 883 4199 omnia
902 4139 984 4200 iuste
1006 4157 1043 4200 ac
1065 4133 1197 4220 pacifice
1220 4139 1388 4224 possidnti„¹

86 4255 115 4312 91
141 4251 177 4310 in
206 4241 364 4308 autentico
395 4233 511 4300 exinde
541 4227 686 4292 coniecto
714 4226 840 4308 plenius
868 4227 1063 4306 continetur,
1091 4227 1182 4291 robis
1203 4236 1235 4292 et
1254 4241 1312 4311 per·
1332 4237 1389 4292 'nos

86 4335 278 4401 monasterio
299 4333 406 4393 vestro
428 4319 614 4386 auctoritate
636 4315 809 4398 apostolica
820 4315 1046 4379 confirmamus
1060 4323 1092 4379 et
1107 4315 1264 4400 presentis
1281 4319 1389 4401 scripti

87 4425 261 4510 patrocinio
297 4415 541 4484 communimus.
590 4405 678 4469 Nulli
711 4423 785 4488 ergo
817 4406 946 4468 omnino
982 4407 1148 4468 hominum
1184 4407 1278 4470 liccat
1307 4409 1389 4472 hunc

89 4515 237 4600 paginam
268 4512 375 4575 nostre
403 4496 655 4567 confirmationis
682 4493 855 4576 infringere
883 4496 934 4558 rel
964 4497 993 4558 ei
1024 4515 1104 4558 ausu
1126 4495 1293 4559 temerario
1315 4483 1389 4560 corr*-

88 4607 192 4668 traire.
247 4601 279 4664 Si
309 4599 382 4680 quis
413 4597 517 4656 autem
550 4589 609 4649 hcc
639 4589 825 4666 attemptare
857 4585 1098 4669 presumpserit,
1139 4587 1389 4668 indignationem

1151 4703 1189 4758 8*
