3442 5148
277 347 311 402 34
649 347 874 404 Urltundenbuch
894 348 942 404 dea
960 349 1086 404 Klostera
1106 349 1209 404 Plorte.

278 503 381 564 vostre
411 503 544 582 paterna
574 498 787 563 sollicitudine
818 501 985 584 providere
1015 501 1159 565 volentes
1190 503 1376 566 anctoritate
1407 503 1578 587 apostolica

276 587 494 669 prohibemus,
531 594 566 650 nt
596 589 680 652 iufra
710 590 875 654 clausuras
904 592 1048 655 locorum
1079 611 1135 656 seu
1166 594 1370 675 grangiarum
1401 598 1577 657 vestrannn

277 678 384 742 nullus
419 677 602 741 violentiam
641 680 692 742 vel
728 682 868 764 rapinam
907 683 973 746 sive
1006 683 1127 746 furtum
1159 683 1356 746 committere
1387 689 1442 745 aut
1471 684 1577 765 ignem

277 787 435 851 apponere
457 787 515 832 seu
537 769 697 833 hominem
719 789 832 853 capere
853 771 905 834 vel
927 772 1241 836 interliceraaudeat
1272 771 1578 854 Decerninnrsergo,

276 863 312 920 ut
332 857 412 920 nulli
435 858 564 920 omnino
585 857 750 922 hominum
771 859 865 922 liceat
886 861 1043 942 prefatum
1064 862 1292 924 monasterium
1315 867 1434 924 temere
1456 866 1578 943 pertur-

276 947 352 1011 bare
379 953 434 1010 aut
465 947 534 1010 eius
562 949 778 1030 possessiones
805 951 929 1012 auferre
960 951 1012 1013 vel
1034 949 1154 1015 ablatas
1174 952 1324 1031 retinere,
1354 951 1499 1014 minuere
1521 971 1576 1013 sen

276 1035 471 1117 quibuslibet
492 1037 714 1100 vexationibus
734 1039 875 1120 fatigare,
897 1047 945 1102 set
965 1041 1072 1102 omnia
1093 1041 1217 1124 integra
1230 1046 1261 1104 et
1277 1038 1398 1102 illibata
1411 1045 1579 1102 serventur

276 1145 396 1204 eorum,
414 1145 471 1209 pro
492 1145 627 1208 querum
650 1127 879 1210 gubernatione
900 1149 937 1192 ac
959 1131 1187 1194 sustentatione
1201 1135 1445 1206 concessasunt
1467 1127 1579 1191 usibus

276 1213 466 1280 omnimedis
486 1217 665 1300 profutura,
694 1217 782 1280 salva
807 1218 891 1282 sedis
913 1218 1083 1302 apostohce
1105 1220 1299 1283 auctoritate.
1342 1217 1375 1284 Si
1397 1238 1461 1300 qua
1481 1219 1579 1301 igitur

274 1307 308 1368 in
334 1303 478 1368 futurum
504 1306 718 1370 ecclesiastica
738 1309 931 1372 secularisve
954 1327 1089 1392 persona
1110 1309 1192 1372 hanc
1214 1315 1319 1372 nostre
1343 1309 1578 1372 constitutionis

275 1397 421 1480 paginam
444 1395 548 1460 sciens
569 1402 679 1460 contra
700 1416 770 1461 eam
792 1406 910 1462 temere
931 1399 1041 1462 venire
1056 1400 1266 1482 temptaverit,
1288 1399 1428 1464 secundo
1443 1399 1577 1463 tertiove

275 1485 481 1565 commonita,
509 1487 569 1550 nisi
596 1492 719 1550 reatum
738 1507 832 1550 sunm
854 1488 951 1570 digna
971 1489 1185 1553 satisfactione
1199 1490 1393 1567 conaxerit,
1414 1489 1579 1570 potestatis

273 1575 467 1657 honorisque
493 1577 542 1639 sui
571 1576 723 1659 dignitate
751 1583 858 1640 careat
878 1597 1029 1659 reamque
1051 1597 1084 1642 se
1107 1579 1214 1641 divino
1235 1579 1354 1642 iudicio
1377 1579 1514 1642 existere
1536 1579 1577 1640 dc

274 1671 451 1747 perpetrata
479 1665 647 1746 iniquitate
676 1674 847 1747 cognoscat
867 1673 899 1729 et
919 1687 938 1728 a
960 1668 1171 1734 sacratissimo
1193 1687 1324 1751 corpore
1346 1688 1383 1730 ac
1405 1669 1578 1751 sangnine*

274 1754 325 1816 dei
353 1763 385 1818 et
410 1755 531 1817 domini
559 1755 769 1838 redemptoris
796 1757 897 1820 nostri
921 1757 1021 1820 ihesu
1052 1757 1168 1821 Christi
1199 1759 1303 1821 aliena
1330 1759 1388 1821 ilat
1418 1764 1513 1839 atque
1541 1759 1576 1820 in

273 1850 416 1907 extremo
439 1845 587 1908 examine
609 1843 750 1908 districte
772 1845 885 1908 ultioni
908 1847 1078 1910 subiaceat.
1109 1847 1240 1911 Cunctis
1261 1855 1366 1912 autem
1386 1848 1489 1911 cidem
1504 1847 1577 1910 luco

273 1954 331 2020 sna
362 1936 432 1996 iura
460 1934 660 1998 sonantibus
689 1935 730 1997 sit
754 1955 820 2019 pari
839 1937 960 1999 dornini
980 1937 1079 2000 nostn'
1100 1936 1201 2000 Jhesn
1223 1937 1354 2016 Christi,
1375 1938 1525 2018 quatinus
1544 1944 1579 1998 et

273 2023 323 2084 hic
349 2023 488 2088 fructum
516 2025 599 2100 bone
626 2025 759 2088 actionis
786 2027 961 2109 percipiant
988 2035 1021 2089 et
1040 2027 1124 2109 apud
1146 2027 1324 2090 districtum
1344 2027 1482 2096 iudicem
1506 2047 1578 2109 pre-

272 2115 336 2194 rnin
357 2121 464 2180 eterne
487 2115 573 2198 pacis
594 2115 768 2178 inveniant.
799 2118 913 2180 Arnen.
945 2111 1059 2180 Anien.
1090 2117 1203 2180 Anien.

350 2213 402 2295 (0.
418 2213 469 2294 P.)
489 2217 557 2299 Ego
579 2218 765 2282 Alexander
785 2217 939 2282 catholice
961 2217 1094 2282 ecclesie
1116 2219 1283 2300 episcopus
1305 2239 1344 2280 ss.
1365 2217 1445 2298 (M.)

272 2326 313 2389 ln
333 2327 389 2390 der
409 2327 519 2392 Mure:
589 2361 590 2364 ¹

351 2429 374 2506 †
395 2427 463 2510 Ego
485 2427 653 2492 Hvbaldus
672 2428 852 2492 Hostieusis
874 2430 1041 2512 episcopus
1062 2447 1101 2491 ss.

350 2517 464 2600 †Ego
485 2519 658 2582 Walterius
680 2516 872 2582 Albanensis
893 2519 1061 2600 episcopus
1083 2537 1122 2580 ss.

350 2607 463 2690 †Blgc
485 2607 674 2672 Ohlnradus
692 2607 901 2690 Moguntinus
925 2608 1180 2689 archiepiscopus
1202 2612 1233 2668 et
1254 2605 1437 2668 Sabinensis
1459 2627 1498 2669 ss.

350 2698 380 2775 ψ’
394 2697 462 2780 Ego
485 2698 675 2761 Gnillelmus
696 2697 882 2761 Portuensis
903 2701 935 2760 et
956 2703 1063 2759 sancte
1087 2694 1203 2758 Rufine
1226 2696 1393 2778 opiscopus
1412 2716 1452 2758 ss.

350 2787 373 2864 †
394 2787 462 2870 Ego
484 2788 670 2852 Manlredus
691 2787 898 2850 Prenestinus
919 2787 1087 2869 episcopus
1110 2805 1149 2846 ss.

271 2887 371 2952 [nialus
390 2888 447 2968 fiir
466 2889 527 2951 den
548 2887 742 2952 Beachuncr:

349 2981 372 3067 †
404 2989 471 3072 Ego
510 2989 721 3053 Ildabrandns
762 2988 892 3051 basilice
930 2997 982 3050 ΧΠ
1021 2987 1234 3070 apostolorum
1273 2985 1428 3071 presbiter
1470 2989 1576 3051 cardi-

469 3079 551 3141 nalis
568 3100 607 3142 ss.

349 3167 461 3250 †]lg0
483 3167 647 3231 Jchannes
668 3166 824 3251 presbiter
845 3168 1016 3231 cardinalis
1036 3168 1120 3230 tituli
1143 3171 1250 3230 sancte
1272 3167 1440 3232 Anastasie
1462 3191 1500 3230 ss.

349 3259 373 3334 †
394 3257 461 3340 Ego
473 3257 557 3321 Boso
579 3256 734 3341 presbiter
755 3257 926 3321 cardinalis
947 3261 1058 3338 sancte
1068 3257 1270 3338 Pudentiane
1286 3257 1370 3319 tituli
1381 3257 1521 3320 Pastoris
1532 3281 1575 3320 ss.

349 3348 372 3425 †
393 3346 461 3431 Ego
473 3347 654 3411 Theodinns
676 3347 833 3431 presbiter
853 3348 1024 3410 cardinahs
1046 3349 1144 3412 sancti
1161 3348 1272 3410 Vitalis
1289 3345 1372 3409 tituli
1385 3347 1515 3410 ¹Vestino
1532 3369 1576 3410 ss.

348 3438 371 3515 †
393 3437 461 3518 Ego
482 3436 595 3500 Petrus
615 3436 771 3520 presbiter
792 3437 962 3500 cardinalis
983 3438 1066 3500 tituli
1087 3444 1195 3500 sancte
1218 3435 1361 3500 Srsanne
1382 3455 1421 3500 ss.
1508 3490 1512 3500 .

269 3535 397 3600 Rechts:
530 3541 532 3546 ’

348 3629 371 3708 †
392 3628 459 3711 Ego
475 3629 640 3693 iacinctus
662 3628 814 3692 diaconus
836 3627 1006 3692 cardinalis
1027 3635 1135 3692 sancte
1153 3628 1252 3692 Maria
1273 3628 1307 3689 in
1329 3626 1511 3708 Ccsnrydyn
1530 3649 1575 3690 ss.

348 3720 371 3796 d
392 3717 460 3802 Ego
481 3719 606 3782 Arditic
629 3717 781 3782 diaconus
802 3717 973 3780 cardinalis
994 3718 1094 3780 sancti
1116 3717 1329 3780 Theodorias.

348 3809 371 3885 †
392 3808 460 3894 Ego
482 3807 655 3888 Cinthyusf
675 3807 828 3871 diaconus
850 3807 1020 3870 cardinalis
1042 3808 1143 3870 suncti
1164 3807 1299 3870 Adriani
1321 3827 1360 3869 ss.

347 3899 459 3982 †l'lgo
487 3899 581 3982 vao
607 3899 760 3962 diaconus
789 3897 959 3960 cardinalis
989 3898 1090 3960 sancti
1111 3895 1273 3960 Eustachii
1300 3897 1391 3958 iuxta
1419 3897 1573 3978 tenrplunr

466 3990 494 4052 A
536 3990 646 4052 'ess

348 4075 371 4154 l
392 4075 460 4160 Ego
482 4009 576 4161 iffi)
599 4079 752 4142 diaconus
773 4077 943 4140 cardinalis
965 4078 1065 4140 sancti
1087 4076 1204 4160 Angeli
1226 4097 1265 4138 ss.

347 4167 370 4244 †
391 4167 458 4251 Ego
479 4168 641 4232 Laborans
663 4167 816 4230 diaconus
836 4167 1007 4228 cardinalis.
1029 4174 1139 4248 sancte
1159 4166 1262 4248 Made
1282 4167 1315 4228 iu
1337 4166 1461 4249 porticu
1483 4185 1523 4227 ss.

347 4258 370 4334 †
402 4258 469 4340 Ego
499 4257 669 4323 Rainerius
705 4256 859 4319 diaconus
893 4255 1062 4318 cardinalis
1094 4257 1193 4318 sancti
1229 4255 1355 4336 Georgii
1391 4255 1431 4318 ud
1462 4254 1572 4318 velum

467 4368 600 4411 aureum
622 4369 662 4410 ss.

346 4449 427 4522 Data
454 4451 589 4514 Venetia
619 4451 652 4512 in
680 4449 762 4512 Rino
787 4448 850 4510 ulto
878 4467 935 4530 per
963 4467 1093 4510 uranum
1120 4448 1260 4510 Gratiani
1293 4453 1402 4510 sancte
1428 4447 1574 4510 Romane

266 4541 398 4604 ecclesie
420 4540 605 4604 subdiaconi
621 4545 653 4602 et
673 4539 787 4602 notarii
810 4547 867 4600 vl⁰
884 4537 957 4600 idus
968 4537 1057 4618 delii,
1075 4538 1249 4600 irulictionc
1270 4535 1575 4608 x²,incar11ationis
