3442 5148
298 355 334 418 30
671 345 902 412 urkundenbuch
920 347 968 410 dee
986 345 1112 410 Kloeters
1130 345 1233 410 Plorte.

291 507 435 576 ,edificiis
464 509 533 572 eius
560 516 592 572 et
620 508 889 592 possessionibus,
921 507 1005 588 quod
1034 509 1063 570 ei
1088 509 1121 570 in
1145 505 1322 590 Nuenburg
1349 507 1517 592 episcopus
1538 508 1604 573 Vto

299 600 499 676 contradidit,
520 605 556 662 ut
579 619 619 662 ex
641 599 747 680 aliqua
769 603 855 681 parte
879 597 1001 678 equalis
1018 596 1173 660 bonorum
1187 598 1326 680 receptio
1337 597 1430 660 fieret
1439 597 1607 663 Portensis

299 691 441 766 ecclesie,
464 709 525 770 que
547 708 588 752 ex
610 689 742 751 consilio
759 685 900 750 Romane
922 687 1010 749 curie
1032 693 1064 749 et
1085 705 1125 750 ex
1147 693 1295 775 precepto
1316 685 1500 750 innocencii
1521 709 1605 772 pape

300 781 329 842 ei
352 778 486 842 debetur
506 797 562 861 pro
583 777 676 840 bonis
695 777 834 840 Zmolne.
881 776 920 839 Ut
946 782 1052 839 autem
1082 776 1219 857 qrrietius
1245 776 1375 864 iratres⁰
1401 777 1461 839 deo
1483 780 1606 843 seruire

298 869 428 954 possint,
450 887 522 930 cum
546 867 718 950 apostolica
738 873 770 930 et
790 867 1074 928 nostraiirmamus
1089 866 1283 942 auctoritate,
1306 873 1339 928 ut
1350 865 1457 929 nullus
1472 869 1607 932 omnino
1719 919 1720 923 ,

299 959 434 1022 clericus
460 962 514 1019 aut
540 958 651 1037 laycus
677 957 761 1018 intra
787 956 938 1018 terminos
966 974 1075 1018 eorum
1104 955 1331 1018 venacionibus
1352 956 1468 1018 audeat
1488 977 1606 1022 vacare

299 1055 354 1110 aut
380 1047 475 1129 nugis
503 1045 737 1108 consimilibus‘
764 1065 891 1128 operam
922 1045 1004 1107 dare.
1047 1043 1257 1107 Decernimus
1283 1063 1358 1126 ergo
1385 1065 1426 1108 err
1452 1055 1605 1130 precepto

298 1147 330 1200 et
346 1136 512 1220 privilegio
534 1135 710 1198 innocentii
733 1154 831 1218 pape,
853 1135 906 1214 qui
931 1133 1115 1196 Porteusern
1137 1134 1242 1196 locum
1265 1134 1366 1215 primo
1391 1136 1605 1206 confirmavit,

299 1233 331 1290 et
352 1227 494 1289 omnium
516 1244 735 1287 successorum
757 1225 826 1287 eius
848 1231 879 1287 et
899 1229 1007 1286 nostru
1028 1223 1278 1300 confirmatione,
1300 1231 1335 1285 ut
1347 1223 1425 1286 nulli
1437 1224 1604 1290 hominurn

298 1317 392 1378 liccat
431 1315 583 1376 Porteuse
620 1314 789 1377 cerrobium
829 1318 947 1375 temere
985 1311 1170 1395 perturbare
1201 1319 1256 1374 aut
1286 1314 1501 1394 possessiones
1532 1317 1605 1380 eius

297 1406 422 1468 auterre
445 1403 496 1467 vel
523 1403 643 1466 ablatas
669 1404 820 1481 retinere,
847 1404 991 1465 minuere
1022 1409 1077 1464 aut
1104 1401 1264 1483 aliquibus
1285 1403 1509 1468 vexationibus
1530 1406 1605 1468 fati-

297 1513 381 1577 gare,
402 1501 434 1556 et
455 1499 490 1555 ut
511 1492 550 1555 de
572 1491 734 1554 laboribus
755 1493 898 1563 fratrum,
923 1511 1003 1572 quos
1025 1491 1159 1574 propriis
1178 1491 1326 1554 manibus
1348 1498 1403 1554 aut
1423 1494 1606 1577 sumptibus

298 1583 421 1660 colunt,
452 1583 519 1644 sire
543 1582 582 1644 de
604 1582 807 1644 nutrimentis
825 1600 956 1644 suorum
978 1580 1163 1642 animalium
1186 1580 1293 1643 nullus
1315 1583 1444 1644 omnino
1465 1583 1606 1648 clericus

298 1680 352 1735 aut
369 1671 480 1751 laycus
502 1671 640 1734 decimas
661 1671 790 1753 exigere
811 1679 973 1752 presumat
992 1689 1052 1733 neo
1067 1670 1174 1751 aliqua
1184 1669 1398 1732 ecclesiastica
1408 1673 1606 1738 secularisve
1710 1704 1711 1712 2

297 1779 433 1843 persona
462 1765 572 1822 contra
598 1761 718 1822 ordinis
747 1760 795 1822 sm
825 1760 970 1821 instituta
1000 1760 1074 1822 novi
1101 1759 1222 1840 aliquid
1243 1761 1289 1822 eis
1312 1761 1428 1824 audeat
1447 1763 1605 1828 iuducere

297 1856 352 1912 aut
371 1849 442 1912 loca
462 1869 571 1911 eorum
594 1850 661 1912 sive
681 1849 897 1932 possessiones
915 1857 1156 1931 presumptuose
1174 1850 1334 1914 invadere.
1365 1851 1398 1913 Si
1415 1853 1487 1931 quis
1503 1853 1607 1935 igitur
1708 1888 1711 1901 =

298 1939 379 2002 banc
411 1937 581 2020 apostolice
610 1939 806 2001 auctoritatis
833 1946 864 2000 et
893 1943 998 2001 nostre
1030 1939 1281 2002 confirmationis
1315 1941 1462 2022 paginam
1495 1943 1605 2006 sciens
1710 1936 1711 1947 ’

297 2027 482 2091 Porteusem
516 2028 683 2090 ecclesiam
715 2028 913 2090 infestaverit
946 2033 1001 2090 aut
1025 2027 1250 2104 iniuriaverit&
1288 2030 1428 2092 secundo
1462 2033 1606 2096 terciove

297 2117 509 2179 commonitus
531 2116 744 2179 ecclesiastice
766 2117 1094 2179 excommunicacioui
1115 2125 1146 2180 et
1167 2117 1274 2180 rliriue
1300 2117 1410 2180 ultioni
1429 2121 1607 2201 apostolica

296 2208 481 2268 auctoritate
503 2211 535 2268 et
555 2212 671 2282 nostra
693 2207 754 2268 uisi
779 2207 947 2288 resipuerit
968 2211 999 2268 et
1021 2206 1115 2288 digne
1136 2207 1336 2286 satisfecerit,
1356 2209 1387 2269 in
1411 2217 1607 2292 perpetuum

297 2295 466 2359 subiaceat.
518 2295 635 2358 Datum
674 2315 758 2358 anno
792 2295 1026 2357 incarnacionis
1065 2296 1184 2358 domini
1223 2306 1387 2360 Mannum
1425 2300 1608 2363 reiterabili

296 2385 452 2448 adeloldo
475 2385 581 2447 abbati
602 2387 633 2447 in
657 2385 760 2448 Porta.
802 2384 843 2447 m
864 2385 895 2452 hi
919 2390 1027 2448 testes:
1049 2384 1181 2448 Rabodo
1203 2386 1380 2468 prepositus
1403 2386 1485 2450 beati
1505 2388 1608 2463 Petri,

295 2473 450 2538 llrnestus
472 2475 650 2556 prepositus
671 2475 771 2537 sancti
793 2473 949 2548 Mauricii,
971 2473 1118 2538 Gerbodo
1140 2475 1288 2552 decanus,
1310 2475 1501 2557 Trutwinus
1516 2477 1609 2542 Ouu-

296 2563 400 2642 radus
418 2564 645 2642 Hartmannus,
667 2563 877 2645 Manegoldus
897 2571 929 2626 et
949 2564 1047 2626 ceteri
1070 2564 1332 2646 Nuouburgensis
1354 2566 1486 2630 ecclesie
1506 2587 1608 2632 cano-

295 2654 374 2732 nici,
403 2655 483 2715 Atro
506 2653 713 2716 Brzauiensis
745 2653 857 2722 abbas,
888 2651 1107 2716 Hartmaunus
1134 2654 1173 2716 de
1199 2653 1443 2718 Lobotbeburclr
1469 2665 1500 2720 et
1528 2657 1608 2721 Otto

295 2743 393 2804 irater
421 2743 503 2818 eiua,
533 2741 747 2806 Theodericus
773 2742 965 2806 castellanus
994 2743 1032 2805 de
1061 2742 1286 2822 Kyrcbbercb,
1320 2743 1539 2810 Hartmannus
1564 2749 1608 2812 de

295 2831 437 2908 Salelrke,
451 2831 653 2894 Reinbardus
664 2833 703 2895 de
713 2832 835 2896 Bobluz
847 2839 878 2895 et
889 2831 1070 2895 Fridcrious
1087 2832 1255 2896 filiuseius
1267 2834 1362 2896 etalii
1375 2836 1607 2918 quamplures.

365 2946 492 2999 auocari
538 2937 719 3017 bgrangiam
764 2945 1011 3016 ⁰magburgensis
1056 2940 1241 3018 dportenseu
1288 2949 1451 3004 ufrutribus
1496 2941 1608 3008 f'‘tron-

294 3025 527 3096 similibus'bugie
572 3025 768 3080 &intumuerit

367 3125 473 3194 lDorf
477 3126 536 3180 arad
546 3127 623 3180 Buclr
632 3143 653 3180 a.
663 3127 758 3180 Bibra.
795 3126 925 3182 2Ηιωεεί
943 3145 963 3182 a.
978 3130 1036 3181 mul
1054 3135 1090 3183 ao'.
1104 3129 1253 3194 Stentoris,
1272 3131 1312 3184 bai
1330 3131 1450 3186 Hrioeler.
1488 3131 1609 3189 ³Nicot

294 3206 501 3268 aoobzurociseu.
574 3205 705 3260 *Dorou
722 3208 841 3260 mmm
858 3207 901 3262 dic
926 3207 1060 3278 Witatuuq
1083 3207 1232 3263 Horterode
1254 3217 1276 3267 ὁ.
1292 3211 1440 3269 Steiuboclt.
1512 3211 1609 3268 ⁶Da'c

295 3285 453 3354 &laetitiam
477 3303 526 3340 wa
550 3285 691 3340 Staiuboeb
716 3317 747 3326 -
777 3287 952 3358 decoquam
969 3289 1065 3342 bcrielrt
1083 3289 1140 3342 aiolo
1158 3290 1214 3356 auf
1226 3291 1358 3360 grangia,
1385 3292 1460 3345 uiobt
1478 3290 1548 3345 silve
1570 3323 1603 3334 -—

296 3365 371 3417 traua
397 3371 450 3418 erat
477 3368 546 3418 1153
568 3365 631 3418 oder
656 3366 837 3435 11540rf019t
859 3368 930 3432 adu,
959 3367 996 3421 da
1021 3369 1182 3422 Wioluaauu·
1202 3371 1239 3422 sie
1262 3370 1292 3422 in
1311 3370 1363 3429 Nr,
1385 3376 1419 3425 10
1439 3371 1507 3426 noch
1525 3373 1610 3426 nicht

295 3445 423 3501 crwtiltut.

822 3521 1009 3528 ---——-.--

295 3564 576 3648 nauus
1543 3513 1622 3655 us

382 3697 502 3764 UdoH.
526 3699 727 3782 Bisclrofoou
738 3701 927 3784 Noumburp
949 3704 1100 3768 iiberldsst
1119 3705 1200 3768 noch
1224 3705 1434 3788 Besttitipuup
1455 3706 1613 3787 fatti-crea·

333 3789 565 3869 Eruerbuupcn
587 3791 655 3852 dem
677 3790 804 3854 Klostcr
827 3791 933 3872 berta
953 3797 1017 3874 11s2
1040 3793 1129 3874 Hufe
1149 3796 1185 3857 iu
1209 3793 1355 3858 lbasnita
1375 3796 1444 3858 oud
1466 3801 1487 3858 3
1498 3795 1613 3862 Acker

334 3879 400 3956 uus
420 3878 488 3940 dem
510 3878 687 3959 Suulberpa
718 3881 769 3942 die
796 3901 827 3942 es
854 3901 911 3944 ooo
940 3882 1014 3946 atrei
1039 3883 1253 3965 biscbbflicben
1276 3883 1481 3948 Loboslcuteu
1509 3885 1609 3952 tte-tls

334 3965 542 4044 altipetouscbt
560 3967 623 4044 bct,
645 3967 733 4030 sauls
753 3969 852 4050 tauji.

443 4082 578 4137 limem.-
600 4084 643 4138 Or.
656 4085 729 4152 Pcrp.
751 4103 801 4138 ron
819 4086 958 4140 Porteuaer
968 4086 1055 4140 Haud
1068 4089 1127 4155 (apl.
1138 4088 1216 4142 Posse
1224 4089 1276 4158 19).
1303 4091 1469 4157 Siousdem
1478 4092 1609 4151 booten.

491 4163 614 4218 Drasdea
633 4163 669 4218 H.
681 4165 755 4218 SM
784 4165 886 4219 Nara
906 4196 939 4204 -
958 4157 1056 4220 D31b
1074 4168 1126 4233 (tit.
1143 4167 1347 4238 ll⁷enaendorf).
1370 4161 1463 4224 Trai.

444 4267 553 4321 maea-
571 4268 706 4323 neruo:
731 4269 842 4336 Worffr,
862 4273 919 4323 aaa
945 4271 999 4338 up,
1021 4271 1136 4326 rama
1155 4273 1180 4339 r,
1199 4278 1241 4328 ra.
1260 4275 1547 4344 amau-auaui,
1558 4283 1610 4340 aa

493 4349 776 4492 {lgffljfffiger
797 4349 892 4416 jeaoca
910 4357 989 4403 uuor
1007 4349 1065 4404 aem
1084 4351 1190 4407 natum
1208 4355 1379 4410 intuamur
1398 4357 1451 4410 ur.
1471 4359 1507 4410 29
1523 4359 1610 4426 aaa.
1719 4327 1720 4406 l

374 4546 385 4614 4,
409 4534 444 4596 ln
469 4535 595 4596 nomine
618 4534 747 4596 domini.
769 4535 883 4597 Amen.
907 4535 918 4616 lt
945 4535 1015 4600 Udo
1038 4538 1089 4602 dei
1111 4541 1212 4621 gratia
1239 4540 1503 4626 Nuenburgensis
1532 4547 1609 4630 epi·
1719 4561 1720 4616 t
