3410 5146
300 329 349 392 ἰθύ
670 327 895 390 Urlmndeubuch
917 327 964 388 des
987 333 1111 388 Klostcrs
1130 329 1232 392 Parte.

298 489 460 554 modernis
483 493 514 551 et
539 488 673 570 posteris
698 492 843 549 constare
872 486 1031 552 roliimus.
1062 485 1146 566 apariat
1176 485 1310 548 ecclesia
1336 484 1500 548 Portensis
1527 503 1594 547 cum

299 579 433 644 ecclesia
454 586 562 640 nostra
582 576 820 639 crincamhiuml
844 577 1003 638 contraxit
1026 595 1121 657 sapor
1143 574 1274 636 dimidia
1296 574 1379 650 villa,
1402 593 1463 654 que
1486 573 1596 636 dicitur

300 667 525 746 Wencondorl,
546 673 578 729 et
599 666 762 728 adiacente
784 671 899 727 monte.
935 665 1051 726 Verum
1077 665 1152 744 quia
1173 683 1214 726 ex
1238 664 1368 726 veritate
1389 665 1596 745 conperimus

301 759 386 840 quod
412 759 475 820 iam
502 756 586 818 dicta
605 755 768 818 Porteusis
798 753 930 817 ecclesia
954 754 1046 836 triplo
1070 753 1216 816 meliores
1237 758 1268 816 et
1289 754 1457 836 ampliores
1478 773 1597 837 posses-

301 850 406 912 siones
437 849 470 909 in
504 846 785 928 reconpensatione
820 844 954 906 ecclesie
981 851 1087 905 nostre
1115 843 1262 920 restituit,
1289 843 1379 905 ideoR
1406 863 1463 906 nos
1484 844 1596 906 intuitu

300 937 425 1022 pietatis
456 940 553 998 totam
582 935 777 1016 superiorem
811 940 931 1015 partem
961 931 1093 1015 predicti
1123 933 1239 994 montis
1272 931 1311 992 ab
1343 939 1477 1013 utraque
1511 934 1597 995 vinea

302 1027 501 1090 Portensium
528 1043 629 1104 usque
656 1023 694 1085 ad
718 1023 932 1084 summitatem
954 1023 1069 1083 arantis
1092 1031 1278 1104 porrectam,
1300 1041 1316 1082 a
1339 1030 1473 1103 cognato
1495 1031 1598 1084 nostro

301 1116 493 1180 Theoderico
515 1113 696 1176 marchione
719 1111 879 1174 Miscense
907 1111 946 1173 ab
969 1111 1101 1173 ccclesia
1124 1117 1232 1173 nostra
1252 1111 1369 1172 teorlali
1389 1113 1459 1174 iure
1482 1131 1599 1194 posses-

302 1225 369 1269 sam
396 1212 428 1267 et
450 1203 540 1265 nohis
568 1203 768 1282 resignatam,
794 1221 849 1283 pro
876 1201 1016 1262 remedio
1043 1200 1147 1262 anime
1174 1207 1281 1263 nostre
1310 1202 1341 1262 in
1364 1203 1506 1284 predicto
1530 1221 1599 1263 con-

302 1294 425 1357 cambio
455 1291 743 1373 conprehendimus
769 1296 801 1351 et
826 1291 929 1352 eidem
966 1289 1110 1352 Porteusi
1142 1289 1275 1352 ecclesie
1303 1291 1505 1354 coutrrlimus.
1558 1291 1600 1353 Xe

301 1385 398 1467 igitur
419 1382 500 1444 hanc
521 1386 627 1443 nostre
650 1379 829 1442 donationis
852 1380 1109 1442 constitutionem
1132 1378 1247 1459 aliquis
1267 1380 1300 1440 in
1323 1386 1484 1461 postemm
1509 1381 1602 1462 possit

302 1475 479 1548 immutare,
499 1469 678 1532 convellere
690 1468 952 1545 autimminuera
973 1475 1150 1550 presentem
1172 1469 1328 1532 cautionis
1346 1471 1492 1553 paginam
1512 1471 1601 1552 sigilli

304 1564 401 1626 nostri
444 1561 641 1643 inpressione
679 1558 875 1640 signavimus
916 1563 947 1620 et
984 1557 1170 1620 idoneorum
1211 1560 1337 1621 testium
1376 1560 1602 1644 subscriptione

304 1653 531 1726 roboravimus
554 1669 690 1730 quorum
711 1649 841 1710 norriina
868 1654 942 1710 sunt
970 1647 1043 1710 hec:
1071 1648 1273 1727 Herbordus5
1296 1649 1460 1720 albertus,
1482 1650 1604 1712 Guarc-

305 1743 402 1818 linus,
429 1741 612 1804 Grmtherus
634 1737 857 1800 ministeriales
878 1737 1083 1812 marchionis,
1105 1734 1291 1819 Rddegerus
1313 1739 1418 1814 miles,
1440 1739 1605 1802 Cuuradus

306 1832 505 1916 capellanus,
540 1829 666 1891 Vtricus
701 1828 883 1910 capeitanus
919 1828 1119 1889 marchionis.
1163 1828 1244 1889 Acta
1272 1835 1346 1890 sunt
1373 1829 1431 1891 hcc
1459 1848 1542 1891 anno
1569 1829 1603 1890 ah

306 1922 522 1984 incarnatione
545 1919 665 1980 domini
688 1927 875 1994 nudilith,
897 1917 1069 1980 indictione
1093 1917 1201 1998 prima.

376 2035 459 2090 aid’o

379 2139 468 2210 tt’yl.
492 2141 539 2198 ar.
560 2143 602 2194 44.
691 2123 692 2128 ’

310 2335 417 2416 1213.
1549 2335 1609 2414 76.

392 2485 527 2565 Bischot'
550 2481 728 2562 Enpellaarcl
762 2481 831 2544 arrd
858 2487 916 2544 dos
942 2483 1137 2563 Doaalarpitel
1164 2504 1206 2547 eo
1235 2481 1423 2564 illiturabrup
1453 2485 1610 2548 hehuadca
1688 2497 1690 2542 j

350 2577 400 2638 atie
425 2574 559 2654 pitiliehc
579 2571 754 2652 Beilcpuap
774 2575 856 2634 elices
878 2571 1002 2634 Similes
1022 2574 1077 2636 mil
1098 2573 1165 2634 (tera
1188 2573 1313 2636 illuster
1334 2573 1441 2654 Pforte
1461 2575 1531 2639 aar.
1556 2577 1611 2638 dea

356 2665 458 2728 Besita
483 2663 536 2724 des
565 2659 679 2742 Dorses
707 2659 938 2740 Flammiapca,
969 2663 1058 2724 cireen
1082 2681 1142 2726 aar
1172 2663 1333 2726 baudiciaca
1361 2663 1539 2744 Ertrrltanp
1563 2665 1614 2726 des

354 2754 474 2818 tractas·
501 2753 555 2814 aer
577 2749 762 2813 Domitiae-hc
788 2752 973 2814 bestimmten
997 2749 1076 2812 Zias
1105 2771 1161 2814 uota
1196 2757 1235 2814 15
1261 2753 1450 2834 Srtrttttnpea
1482 2755 1613 2816 doselhsi

352 2845 420 2907 relect
441 2843 491 2906 eia
521 2840 668 2905 ttseidtcat
688 2861 739 2902 clia
760 2839 918 2922 Scallas'er.

467 2977 598 3033 Hrlsclm:
628 2977 672 3028 Or.
693 2975 766 3043 Perp,
786 2976 834 3028 mit
854 2975 1043 3028 Eiasrhaitteo
1061 2977 1110 3041 far
1127 2975 1186 3028 daei
1202 2976 1413 3045 amutdapende
1432 2977 1531 3046 Siepet,
1549 2978 1614 3032 doch
1690 3027 1691 3044 2

513 3057 614 3109 solidat
637 3073 692 3108 aar
714 3057 758 3108 eia
776 3055 858 3124 Sapei
878 3057 1032 3124 aaoehiinpt
1056 3071 1169 3124 pewesea
1194 3073 1228 3108 aa
1253 3058 1325 3122 aaa,
1351 3057 1402 3110 dae
1419 3075 1469 3112 voa
1486 3057 1533 3112 der
1549 3060 1616 3112 noch
1690 3063 1691 3108 ἴ

516 3135 700 3189 rorhmuienea
724 3136 829 3188 uerssea
851 3136 970 3188 leincaen
990 3135 1097 3188 Sedasa
1114 3137 1262 3204 ahpcrissen
1273 3136 1315 3193 ist.
1352 3135 1514 3208 Naumbarp
1532 3138 1570 3190 1).
1584 3143 1615 3193 A.

514 3215 565 3271 Nc.
585 3219 626 3269 52.
645 3247 673 3254 —
700 3215 756 3268 Vua
773 3216 845 3268 aaran
862 3215 966 3268 andam
991 3215 1121 3282 {droctulft
1141 3213 1211 3267 Dar
1229 3215 1279 3282 (til.
1299 3213 1481 3286 Flemiugeu).
1503 3217 1527 3269 Τ
1532 3221 1596 3272 285.

466 3341 571 3394 Domata
593 3339 728 3392 nearest.-
754 3339 836 3406 Wolff
851 3339 880 3404 I,
899 3343 958 3394 296.
1000 3339 1048 3408 Vpl
1065 3357 1087 3392 r.
1101 3339 1248 3406 Sanamem
1267 3342 1325 3392 151.
1417 3365 1420 3372 ·

398 3468 409 3528 p
434 3447 468 3510 ln
502 3447 630 3508 nomine
658 3451 765 3507 sancte
797 3452 828 3507 et
848 3445 1013 3507 individue
1035 3444 1191 3506 trinitatis.
1234 3443 1455 3525 idagelhardus
1478 3445 1490 3526 p
1513 3445 1620 3508 divina

316 3539 442 3601 fatente
475 3535 643 3599 clementia
669 3534 932 3617 Nuenburgensis
969 3534 1102 3597 ecclesie
1133 3536 1316 3616 episcopua,
1352 3534 1519 3598 Ouaradus
1549 3557 1621 3619 pre·

318 3629 454 3711 positam,
475 3625 570 3707 Hugo
589 3625 741 3693 decanus,
762 3624 948 3687 hodelricus
964 3631 1086 3702 custos,
1109 3625 1269 3688 Hearious
1285 3625 1323 3686 de
1341 3625 1449 3706 Weta‚
1469 3627 1623 3690 Gerlacus

318 3717 574 3783 archidiaconus,
600 3715 695 3794 Hugo
729 3715 767 3776 de
788 3715 973 3796 Scidingeu,
1003 3714 1213 3798 Engelgerus‚
1242 3715 1437 3794 Helicaone,
1459 3717 1530 3780 Otto
1551 3735 1624 3799 prc-

318 3808 439 3890 positus
457 3803 711 3885 Herbipolensis,
735 3803 947 3867 'theodericus
975 3804 1014 3867 dc
1036 3805 1195 3888 Appolde,
1216 3805 1429 3868 Theodericus
1451 3806 1490 3868 de
1511 3805 1625 3872 ltlisnc.

320 3897 453 3974 Silmto²‚
490 3895 706 3967 Barcharilus,
744 3895 903 3956 Henn'cus
938 3895 1139 3973 cellerarius
1172 3893 1387 3974 WolomaruS,
1413 3889 1625 3960 Reinhardus,

320 3986 469 4069 magister
494 3983 589 4066 Hugo
622 3985 660 4046 de
686 3983 799 4046 'liaeue
834 3986 976 4047 eiusdem
1005 3986 1138 4048 ecclesie
1165 3986 1318 4048 canonici.
1367 3985 1525 4048 Canonice
1551 3985 1628 4048 reli-

320 4077 423 4158 gionis
451 4074 593 4136 hortatur
622 4075 761 4154 devotio,
794 4075 848 4136 sed
878 4085 909 4136 et
930 4076 1054 4156 pietatis
1073 4081 1104 4137 et
1125 4094 1197 4137 vere
1219 4075 1358 4138 caritatis
1380 4075 1528 4138 admonet
1547 4095 1627 4136 citri-

321 4165 482 4242 sideratiO,
510 4171 543 4226 ut
568 4163 884 4246 ieairitemplativorum
912 4166 1051 4226 virorum
1080 4165 1149 4246 paci
1176 4170 1208 4227 et
1235 4166 1334 4246 quieti
1360 4165 1465 4227 studio
1490 4183 1629 4248 propen-

322 4256 395 4316 siori
433 4255 635 4315 intendamus
662 4260 693 4316 et
719 4255 860 4316 eiusdem
891 4255 976 4336 praeis
1008 4253 1169 4318 stabilitati
1196 4257 1248 4337 pia
1278 4255 1477 4337 providentie
1502 4257 1628 4317 cautela

322 4345 558 4426 privilegiorum
582 4346 823 4407 confirmatione
845 4346 875 4404 in
895 4352 1056 4426 posterum
1071 4347 1308 4428 prospiciamus
1350 4345 1435 4407 Hinc
1458 4351 1519 4422 cst,
1537 4345 1627 4425 quin

324 4434 519 4494 universitati
549 4433 691 4495 fidetium
720 4435 914 4514 presentium
936 4441 967 4496 ct
988 4435 1167 4497 futurorum
1189 4443 1333 4498 constare
1355 4435 1504 4498 volumus
1524 4441 1631 4497 hatris-

322 4524 477 4584 actioneni
507 4523 681 4584 auricahilis
708 4525 935 4606 conpositionis
967 4526 1049 4588 iuter
1077 4545 1135 4586 nos
1163 4531 1194 4588 et
1216 4527 1347 4588 dilectos
1369 4525 1481 4589 tratres
1502 4531 1633 4588 nostrus
