3442 5148
336 380 370 440 50
709 381 939 446 Urlrundenbuch
957 385 1006 446 des
1024 383 1150 448 Klosters
1169 383 1270 453 Piorte.

333 557 470 625 precone
495 535 666 604 Teoderico
694 544 829 621 astante,
856 550 923 606 XVI
942 541 1095 607 kalendas
1117 542 1270 608 Octobris.
1311 543 1419 608 Testes
1441 548 1515 608 sunt
1538 541 1635 608 abbas

334 631 373 695 de
399 629 594 694 Holdeslene
761 640 773 670 ⁶
801 631 995 695 Sitridust
964 637 995 696 et
1019 633 1219 698 'Phietmarus
1250 635 1397 697 monachi
1432 635 1471 699 de
1500 635 1637 706 Goeelre

333 721 477 784 Karloe
479 719 681 784 tHeiuriens
702 720 765 783 irat
753 725 800 784 ter
829 741 906 785 snus
926 722 966 784 de
987 721 1154 794 Wirbene
1178 719 1405 787 Cdnemnndus
1426 724 1465 786 de
1488 723 1637 807 Vargala
1709 743 1710 804 j

332 809 539 874 Hertnidus‘l
553 809 592 872 de
613 809 802 888 Allerstedc
821 809 998 893 Lutegerus
1019 811 1058 875 de
1078 811 1229 891 Bachere
1250 812 1421 895 Herdegen
1445 813 1483 877 de
1500 813 1638 876 Gozcer-

334 901 431 974 stede
451 893 616 962 Wuliinus
637 898 677 961 de
699 898 908 964 Gestenezct
929 919 1025 982 qnam
1046 902 1153 983 plures
1175 902 1237 964 alii.

414 989 601 1064 Sciendum
632 989 808 1069 qnodt
746 989 808 1054 Rat
809 990 936 1053 wardus
969 990 1060 1054 miles
1091 991 1302 1054 confirmabat
1290 997 1364 1055 tse
1393 992 1572 1075 suscepisse
1603 993 1638 1053 in
1709 1003 1710 1062 ζ

333 1079 522 1142 benefitium
548 1079 629 1140 dnos
654 1097 782 1141 mansos
803 1099 822 1141 a
843 1077 1016 1143 Dietbardo
1044 1079 1166 1146 abbate.
1213 1079 1346 1156 Quodt
1344 1100 1439 1144 amen
1466 1101 1531 1143 non
1560 1100 1638 1143 con·
1709 1083 1710 1162 l

334 1170 445 1232 stabat.
493 1167 555 1232 Sed
583 1167 612 1230 ei
639 1167 725 1251 ipsos
749 1168 830 1231 dnos
857 1177 888 1233 et
916 1169 994 1232 alios
1019 1170 1099 1233 duos
1124 1173 1157 1233 in
1190 1181 1314 1253 expone
1332 1171 1369 1248 (Ρ)
1391 1190 1447 1253 pro
1479 1170 1640 1233 Vsolidis
1709 1235 1710 1246 .

334 1260 441 1322 minus
463 1259 568 1339 quam
592 1267 617 1319 V
638 1256 766 1320 talentis
798 1277 869 1321 cum
903 1261 979 1322 satis
1002 1279 1060 1322 nos
1084 1267 1242 1343 gravaret,
1270 1261 1398 1322 tandem
1424 1260 1530 1323 taliter
1560 1279 1640 1322 con-
1709 1257 1710 1336 l

333 1351 494 1427 venimus,
523 1355 558 1410 ut
583 1347 633 1410 bis
658 1350 859 1436 renuntiaret
877 1371 933 1434 pro
955 1360 1039 1413 11110r
1060 1351 1189 1422 marcis,
1217 1371 1234 1413 e
1257 1349 1375 1430 quibus
1395 1369 1492 1412 unam
1515 1351 1641 1432 accepit

333 1441 366 1501 in
389 1436 653 1523 possessionibus,
674 1447 715 1500 H]
734 1457 810 1501 vero
832 1441 861 1502 ei
881 1440 1035 1503 dedimus.
1077 1439 1202 1502 Horum
1223 1445 1320 1502 testes
1341 1445 1416 1502 sunt
1430 1439 1641 1502 Hermannus
1709 1439 1710 1512 ζ

332 1529 489 1612 presbiter
528 1527 568 1590 de
606 1527 815 1607 Gcrnestede
857 1529 1002 1593 Sibreobt
1034 1530 1074 1592 de
1111 1528 1333 1610 Aldenburg0,
1369 1528 1554 1591 'Praclrbcdo
1600 1529 1641 1592 de
1709 1581 1710 1612 p

332 1619 521 1681 Tietinarest
508 1617 609 1699 torph
631 1615 777 1678 Sindram
791 1617 829 1681 de
841 1618 996 1697 Bobuluz
1014 1619 1121 1682 Tierua
1139 1619 1177 1680 de
1193 1618 1426 1701 Merterrdor·pb
1446 1618 1566 1680 'lbucbt
1567 1618 1642 1697 elei,
1709 1627 1710 1680 l

335 1707 525 1786 Friderieus
548 1706 603 1786 qni
624 1706 769 1768 serviunt
756 1707 902 1770 tabbati.

402 1820 617 1892 a—Completa
587 1819 731 1874 bosowa
749 1823 806 1890 aas
817 1823 876 1876 dein
894 1823 964 1877 aceli
982 1839 1047 1877 eoru
1065 1823 1252 1891 umpebopenen
1271 1829 1370 1876 reatem
1389 1821 1485 1877 Raude
1502 1839 1552 1876 oon
1571 1823 1644 1876 alter

334 1901 436 1968 Hand,
466 1903 528 1954 aber
552 1899 705 1954 schwarlieb
727 1917 785 1954 eom
809 1901 943 1956 Sobraber
967 1901 1014 1956 der
1037 1901 1165 1956 Urlrunde
1252 1892 1393 1955 ''radolfo
1423 1901 1563 1955 wbeawt
1588 1917 1643 1954 aas

332 1942 470 2047 radolids,
497 1981 568 2033 auct
588 1995 605 2032 a
622 1979 719 2033 sebe·
707 1995 739 2032 m
757 1981 850 2035 Rosam
929 1981 1053 2036 ⁰leerer
1072 1981 1162 2036 Mum
1186 1983 1234 2049 fiir
1252 1983 1329 2034 doen
1347 1982 1455 2035 Nemea
1531 1969 1545 2008 ‘¹
1569 1980 1644 2034 Oder

332 2059 496 2114 hertindus?
567 2057 697 2114 ⁸aldanb
894 2093 899 2104 ·

332 2247 532 2314 mumma.

452 2350 545 2413 Aura.
577 2348 637 2412 Die
658 2349 761 2412 beiden
781 2349 863 2413 Ano
882 2349 956 2412 siud
976 2370 1035 2412 ooo
1055 2351 1130 2414 awa
1151 2349 1392 2427 ver-sebiedeneu,
1415 2350 1470 2413 der
1487 2349 1646 2416 Urlmnde

431 2439 497 2528 fest
515 2436 741 2518 pleielizeitiyere
763 2437 901 2502 Hciuden
920 2439 1119 2519 peseltriebea.
1223 2527 1226 2534 Ι

414 3233 452 3298 In
475 3234 603 3296 nomine
624 3239 740 3296 'sancte
767 3240 799 3296 et
825 3234 990 3298 individue
1019 3236 1176 3298 trinitatis.
1225 3235 1429 3298 Ererlrardus
1457 3233 1506 3298 dei
1539 3239 1651 3317 gratia

334 3324 589 3406 Mersburgensis
611 3323 786 3406 episcopus.
828 3322 1055 3388 Moderaminis
1075 3326 1175 3388 nostri
1204 3325 1310 3387 cilicio
1338 3324 1487 3387 convenit
1511 3323 1651 3409 religio-

334 3433 442 3479 sorum
464 3411 654 3475 utilitatibus
675 3412 842 3476 consulere
864 3418 896 3475 ct
917 3415 986 3496 paci
1016 3435 1126 3479 eorum
1149 3414 1351 3499 providentes
1376 3419 1486 3476 contra
1512 3418 1651 3479 temeri·

336 3507 409 3568 tatis
447 3504 612 3566 incursum
652 3503 838 3565 auctoritate
874 3513 981 3566 nostra
1013 3505 1219 3567 communire.
1277 3503 1397 3566 Notum
1433 3503 1532 3584 igitur
1572 3525 1650 3570 esso

404 2164 848 2232 1oerostomonceamberqa.
930 2165 1096 2236 westona
1119 2167 1190 2220 seue
1216 2171 1239 2220 o.
1258 2165 1338 2219 Zeita.
1418 2163 1576 2218 teutuado
1595 2181 1643 2222 aro.

333 2607 445 2688 1184.
666 2719 669 2729 y
1579 2609 1645 2692 aa.

412 2741 575 2806 Eberhard
602 2739 741 2821 Biscbcf
764 2761 822 2804 ooo
852 2740 1035 2821 Mersebury
1065 2741 1217 2806 bekuodet
1250 2743 1302 2806 die
1339 2742 1514 2824 Beilepunq
1556 2746 1648 2810 eines
1709 2737 1710 2800 Ϊ

374 2831 499 2896 Streites
524 2830 673 2894 zwisalten
693 2831 761 2893 dem
781 2829 908 2896 Kloster
930 2831 1038 2912 Psorte
1062 2833 1131 2894 ead
1156 2833 1224 2896 dem
1249 2832 1459 2912 bisobdfliclren
1490 2831 1649 2900 Moosso-
1709 2895 1710 2908 ,

372 2920 474 2984 riolos
484 2919 690 2982 Heidenreicb
711 2920 783 2983 betr.
805 2921 978 2984 dieMilble
997 2922 1050 2984 des
1061 2921 1203 2986 Klosters
1222 2923 1258 2984 ia
1282 2922 1400 3002 Ldpda.
1430 2920 1494 3002 Vol.
1506 2919 1571 2989 Ns.
1587 2929 1646 2990 22.

483 3036 617 3091 naseu:
635 3035 708 3089 nra
725 3037 777 3104 (ut.
796 3036 917 3108 rapae).

484 3128 597 3182 macr:
615 3127 750 3181 namo:
774 3129 859 3197 unp
866 3129 891 3196 1,
912 3134 970 3184 reo.
998 3130 1051 3198 ra.
1064 3147 1087 3185 a
1101 3131 1310 3197 eamear,
1328 3130 1380 3188 ro.
1392 3133 1469 3186 rore.

336 3595 486 3656 volumus
513 3592 662 3656 omnibus
691 3590 843 3654 fidelibus
866 3593 1027 3656 modernis
1048 3601 1079 3658 et
1101 3595 1248 3677 posteris
1276 3592 1360 3674 quod
1391 3592 1497 3655 dilecti
1524 3592 1651 3659 fratres
1709 3665 1710 3670 .

336 3685 370 3746 in
402 3683 498 3746 Porta
532 3680 750 3744 molendinum
783 3681 942 3763 quoddam
978 3684 1069 3745 iuxta
1105 3683 1249 3765 predium
1285 3683 1426 3765 ipsomm
1455 3683 1488 3742 in
1524 3679 1652 3767 Lepizc

336 3773 544 3855 permissione
568 3777 677 3833 nostra
697 3777 949 3834 construxerant.
991 3772 1112 3834 Verum
1135 3771 1350 3833 ministerialis
1372 3777 1479 3833 noster
1497 3769 1652 3838 Heiden-
1709 3845 1710 3850 .

336 3863 423 3924 ricus
454 3861 684 3941 querimoniam
713 3860 908 3942 aliquociens
939 3863 1039 3924 morit
1074 3881 1107 3923 se
1136 3881 1198 3924 nou
1231 3879 1365 3943 parrum
1395 3861 1572 3942 dampnum
1609 3866 1652 3928 de

337 3951 495 4014 ediscenti
524 3950 672 4013 clausura
702 3949 876 4013 molendini
908 3951 1075 4032 pertulisse
1109 3951 1141 4011 in
1175 3950 1285 4012 salicto
1314 3957 1346 4013 et
1366 3948 1551 4013 molendino
1578 3973 1652 4018 suo.
1709 4009 1710 4016 .

337 4041 384 4103 Ea
408 4045 538 4124 propter
563 4040 774 4122 prenominati
805 4039 919 4101 fratres
945 4039 1049 4102 eidem
1077 4049 1127 4100 vll
1150 4057 1273 4100 marcas
1299 4039 1332 4100 in
1356 4043 1653 4120 reconpensatione

338 4131 466 4213 dampni
478 4130 578 4212 ipsius
590 4131 623 4190 in
638 4129 797 4212 presentia
812 4135 917 4190 nostra
931 4129 1160 4209 persolverunt,
1183 4132 1247 4190 tam
1265 4147 1356 4191 suam
1380 4147 1474 4209 quam
1497 4132 1652 4195 omnium
1709 4139 1710 4142 ’

337 4219 490 4284 heredum
513 4237 644 4281 snorum
664 4217 715 4280 rel
737 4237 863 4296 corun),
897 4219 949 4297 qui
979 4217 1196 4279 molendinum
1224 4218 1325 4299 ipsius
1353 4218 1392 4280 de
1413 4235 1509 4279 manu
1533 4228 1653 4284 nostra

337 4309 389 4373 vel
417 4327 638 4372 successorum
670 4313 850 4369 nostrorum
887 4306 1066 4369 beneficiali
1105 4307 1174 4368 iure
1204 4307 1380 4388 possessuri
1412 4314 1501 4382 sunt,
1535 4313 1653 4388 qucri-

338 4400 476 4462 moniam
495 4399 653 4481 sopientes
667 4415 704 4459 ea
720 4396 874 4477 pactione,
896 4401 930 4457 ut
951 4397 1017 4477 ipse
1038 4395 1162 4476 aliquas
1178 4398 1393 4478 possessiones
1407 4398 1439 4459 in
1456 4401 1653 4466 memoriale

337 4488 552 4550 restitucionis
574 4487 668 4548 hrains
689 4485 821 4547 ecclesie
851 4492 957 4548 nostro
989 4486 1191 4565 conquireret
1221 4492 1252 4547 et
1280 4487 1339 4569 ipsi
1370 4487 1484 4548 tratres
1514 4493 1651 4553 tantum

338 4595 420 4658 aque
449 4584 611 4659 caperent,
643 4581 796 4656 qnantum
825 4575 882 4636 uni
908 4581 975 4638 rote
1001 4575 1194 4637 sufficerem.
1251 4575 1291 4637 Ut
1322 4581 1427 4638 autem
1450 4575 1509 4638 hec
1531 4586 1652 4643 nostra
