3442 5148
296 384 314 438 4
666 383 898 443 Urkundenbuch
915 387 965 442 des
983 385 1110 444 Klostena
1128 389 1230 449 Ptorte.

298 535 411 616 1140.
440 535 853 640 [ianuar-neuram.
863 538 890 640 ¹]
1564 543 1602 626 3.

377 673 513 755 Blaclwf
536 670 600 738 uuo
621 671 648 734 Ι.
669 693 728 736 oca
755 671 945 754 Nuumbury
973 674 1113 755 basldtipt
1137 675 1218 738 aava
1244 675 1490 757 geschichtliclrer
1517 675 1602 742 Dar-

335 763 468 844 stclluup
499 764 555 827 der
586 761 731 843 Sliftunp
761 763 814 826 des
834 762 975 826 Klostera
995 762 1148 827 samana
1176 765 1283 828 dassen
1321 765 1493 847 Verlepuuq
1521 767 1601 830 noch

335 857 450 936 Pfcrta,
473 853 600 916 adeunt
613 853 664 916 dle
681 851 912 933 Verptlr'clrtuny
929 853 982 916 des
997 851 1221 935 Nuumhurper
1241 853 1387 918 Bistonas
1404 876 1446 920 au
1465 857 1601 920 weltere·

335 944 596 1024 Entschddipuuy
616 942 669 1004 des
691 941 833 1005 Klostcrs
852 961 905 1020 aa,
925 942 1148 1024 pcwd‘larlcislet
1166 945 1250 1007 scine
1271 945 1410 1008 Freibeii
1429 945 1499 1008 mad
1518 946 1602 1010 aaut

335 1036 419 1098 scine
433 1033 645 1114 Besitaunpera
656 1032 721 1112 auf
736 1032 793 1094 wic
812 1031 848 1094 iu
866 1029 925 1095 Nr.
940 1035 970 1108 2,
985 1031 1097 1113 jedoclr
1116 1033 1194 1096 abac
1217 1033 1358 1116 5Hufen
1379 1035 1414 1098 in
1429 1033 1599 1099 Rostewita.

445 1151 577 1209 Hdacbrr
606 1149 650 1204 Or.
665 1149 740 1217 Pcrp.
754 1149 918 1218 pessimabat
940 1167 991 1203 roa
1011 1149 1150 1204 Pmraraaer
1167 1151 1254 1205 Haud
1278 1151 1336 1220 (aql,
1352 1151 1431 1206 Posse
1445 1156 1478 1207 19
1495 1170 1522 1206 u.
1539 1155 1598 1220 106,

493 1233 589 1378 para.)
610 1227 791 1364 smerdem
805 1229 924 1288 aare,
963 1229 1087 1282 urceum
1114 1229 1151 1288 Η.
1167 1229 1204 1285 aa
1217 1229 1250 1285 A.
1269 1229 1321 1284 rvr.
1333 1235 1374 1289 51.
1395 1263 1428 1272 -
1448 1231 1477 1285 D
1493 1223 1528 1285 rl
1546 1233 1596 1300 (aa

443 1399 566 1452 msere.-
584 1397 699 1451 Peraea
706 1397 730 1464 1,
740 1401 783 1453 aa.
799 1397 1130 1464 emensumque.
1146 1397 1300 1464 mussan,
1313 1399 1403 1466 nera.
1415 1397 1595 1466 nauatae.

494 1477 611 1544 Ecrurd,
639 1477 711 1532 Hiat.
725 1478 824 1545 qenecl.
835 1478 924 1545 princ.
942 1477 1146 1544 increpabo.
1180 1477 1280 1546 Lamp,
1297 1477 1387 1545 Spt'cil.
1402 1479 1461 1532 eccl.
1476 1478 1523 1544 ΙΙ,
1539 1483 1598 1534 147.
1714 1523 1715 1548 ,

494 1559 717 1613 Τὴιιν,εαστ.827.
730 1557 887 1612 Ooraaen63.
901 1555 1129 1624 Dattaclr:ll'olff
1134 1556 1159 1622 Ι,
1169 1561 1210 1611 37.
1229 1557 1394 1626 Vettium,
1405 1555 1597 1616 OtroiaNum-
1714 1549 1715 1594 l

492 1637 735 1708 caracciolorum
744 1636 786 1702 ΙΙ,
795 1635 857 1691 22.2
881 1635 1071 1705 &coeperat
1095 1635 1215 1690 &aare
1223 1636 1266 1702 ΙΙ,
1275 1639 1315 1690 13.
1340 1637 1597 1692 cruentarunt

492 1717 600 1772 kenried
618 1717 643 1781 Ι,
662 1721 687 1775 9,
708 1715 768 1770 (lod.
778 1715 915 1784 ἁψῖδα.
925 1731 979 1784 rep.
990 1715 1015 1781 1,
1026 1715 1068 1782 11,
1077 1719 1120 1769 99.

384 1808 397 1891 11
411 1810 448 1872 In
469 1810 599 1873 nomine
625 1812 733 1871 sancte
764 1813 797 1870 et
821 1807 990 1888 individue
1017 1809 1175 1870 trinitatis.
1231 1808 1289 1871 Vto
1304 1809 1317 1887 ΙΙ
1332 1809 1438 1871 divina
1469 1810 1597 1874 favente

292 1901 461 1964 clementia
481 1899 757 1980 Nuembnrgensis
777 1899 953 1980 episcopus.
986 1897 1066 1960 Cum
1089 1898 1176 1959 omni
1197 1898 1367 1980 sagacitate
1388 1903 1420 1961 et
1441 1899 1599 1963 industria
1714 1905 1715 1912 ’

291 1995 402 2070 eterne
444 1990 511 2070 rite
555 1988 688 2070 gloriam
729 2005 863 2068 querere
904 1993 936 2049 et
984 1987 1094 2067 divine
1139 1986 1232 2049 nobis
1278 1989 1378 2069 gratie
1417 1989 1595 2070 largitatem
1714 2039 1715 2042 η

292 2079 461 2142 conciliare
503 2077 712 2140 omnimodis*
763 2082 919 2160 oporteat,
971 2076 1061 2138 nulla
1100 2077 1193 2140 nobis
1239 2077 1278 2139 ad
1326 2078 1386 2158 hec
1423 2077 1596 2142 obtinenda
1714 2079 1715 2084 ’

291 2168 546 2250 compendiosior
574 2185 630 2228 seu
657 2167 806 2228 directior
834 2167 1005 2249 paletria.
1036 2184 1132 2247 quam
1158 2168 1184 2229 si
1212 2167 1311 2229 officii
1332 2169 1430 2231 nostri
1454 2168 1596 2232 debitum

290 2263 488 2339 exequentes
508 2256 693 2338 religionem
716 2258 748 2318 in
772 2262 880 2318 nostra
901 2256 1020 2319 diocesi
1043 2256 1174 2320 dilatare
1196 2263 1228 2319 et
1255 2257 1477 2339 religiosorum
1512 2259 1597 2321 utili·
1714 2249 1715 2282 ³

290 2347 408 2410 tatibus
439 2353 471 2410 et
502 2346 677 2409 commodis
713 2347 747 2407 in
778 2352 940 2429 posterum
979 2348 1160 2428 prospicere
1190 2345 1339 2427 pastorali
1381 2347 1596 2410 sollicitudine
1714 2397 1715 2400 η

291 2437 485 2515 studeamus
507 2441 550 2512 nt,
572 2435 657 2517 quod
678 2455 735 2518 per
754 2453 814 2497 nos
834 2453 899 2498 uon
920 2455 1099 2518 possumne,
1118 2453 1229 2498 eorum
1251 2435 1335 2518 apud
1357 2437 1453 2499 deum
1474 2437 1598 2500 meritis
1714 2455 1715 2470 ³

291 2533 323 2589 et
353 2525 501 2609 precibus
529 2523 738 2587 obtineamus.
784 2523 832 2586 Ea
856 2530 987 2607 propter
1017 2525 1177 2588 ‘universis
1203 2524 1319 2586 Christi
1345 2524 1498 2590 fidelibus
1530 2533 1596 2589 tam

291 2615 492 2700 presentibus
514 2633 610 2696 quam
635 2614 753 2676 trituris
779 2614 983 2676 manifestum
1013 2631 1082 2676 esse
1106 2612 1264 2693 solumne,
1287 2615 1372 2695 quod
1393 2615 1525 2678 illustris
1546 2618 1600 2678 vir

290 2723 397 2768 comes
413 2705 532 2782 Bruno‚
548 2703 806 2784 consanguineus
822 2709 938 2782 noster,
959 2722 1033 2766 cum
1050 2702 1213 2767 voluntate
1228 2710 1260 2767 et
1271 2723 1429 2768 consensu
1441 2705 1598 2770 heredum

291 2813 421 2856 sucrum
446 2793 480 2854 in
506 2793 591 2870 locu,
618 2793 673 2872 qui
699 2793 816 2855 dicitur
837 2789 982 2872 Zmblne,
1014 2793 1184 2855 cenobium
1208 2792 1348 2856 fundans
1372 2799 1404 2856 et
1429 2794 1597 2876 religiosas

288 2883 368 2945 inibi
389 2901 540 2965 personas
559 2881 719 2944 collocans
741 2882 781 2946 de
802 2882 976 2945 hereditate
999 2901 1064 2960 sua,
1087 2901 1183 2962 quam
1206 2883 1342 2965 amplam
1373 2883 1465 2946 valde
1493 2885 1621 2966 possi-·

290 2972 396 3050 debat,
426 2972 505 3034 adeo
533 2971 638 3034 locum
660 2972 751 3034 illum
774 2972 887 3036 ditavit
909 2979 941 3035 et
961 2973 1095 3050 dotavit,
1127 2977 1162 3034 ut
1189 2973 1319 3035 terciam
1345 2973 1444 3036 terme
1471 2981 1598 3055 partem

289 3063 369 3143 pagi,
393 3063 447 3142 qui
469 3061 576 3124 Plisne
600 3067 811 3144 nuncupatur,
832 3063 936 3125 eidem
956 3061 1090 3126 cenobio
1112 3061 1282 3125 donatione
1303 3061 1445 3144 legitima
1466 3062 1599 3126 sollem-

288 3150 572 3233 pniterdelegaret.
604 3151 726 3214 Verum
743 3171 817 3213 cum
827 3171 979 3234 processu
994 3152 1145 3233 temporis
1166 3152 1277 3234 religio
1298 3152 1377 3214 inibi
1398 3151 1599 3215 claudicaret
1714 3235 1715 3238 Ἴ

288 3246 319 3304 et
339 3242 407 3323 ipsa
428 3241 546 3304 iamin
567 3242 719 3304 extremis
740 3249 856 3323 ageret,
877 3241 1059 3304 convocatis
1085 3241 1190 3320 nobis,
1223 3241 1308 3322 quod
1330 3260 1387 3323 per
1405 3260 1439 3304 se
1459 3240 1597 3324 implere

289 3349 353 3392 non
381 3332 497 3413 potnit,
535 3331 626 3394 nobis
658 3332 943 3412 consanguinitatis
975 3333 1092 3394 intuitu
1129 3331 1326 3413 implendum
1354 3332 1524 3410 commisit,
1557 3340 1599 3395 ut
1714 3395 1715 3400 ,

287 3421 437 3483 videlicet
464 3441 483 3482 a
507 3420 648 3504 predicto
673 3420 743 3482 loco
770 3421 914 3502 personis
938 3421 1105 3483 inuh'libns
1136 3427 1168 3483 et
1193 3439 1212 3481 a
1237 3419 1398 3482 claustrali
1426 3419 1600 3504 disciplina

288 3509 564 3574 exhorbitandbus
585 3511 714 3572 remotis
736 3510 966 3591 Cysterciensis
989 3511 1109 3573 ordinis
1130 3510 1315 3587 monachos,
1345 3510 1400 3590 qui
1426 3510 1488 3571 iam
1515 3516 1599 3574 tnnc

286 3619 344 3683 per
359 3601 525 3663 umversas
536 3599 716 3682 provincias
735 3599 885 3680 religiose
893 3600 1144 3661 conversationis
1158 3607 1189 3662 et
1209 3599 1293 3678 bone
1314 3599 1472 3681 opinionis
1494 3598 1597 3662 odore

285 3689 401 3752 florere
432 3696 594 3771 ceperant,
624 3689 658 3750 in
686 3688 798 3750 eodem
824 3687 957 3752 cenobio
986 3688 1223 3750 collocaremus.
1271 3688 1338 3750 Nos
1366 3707 1443 3751 vero
1471 3695 1598 3751 tantam

286 3779 365 3838 tanti
391 3778 453 3838 viri
481 3778 683 3840 devotionem
709 3797 783 3840 cum
812 3778 1020 3840 admiratione
1047 3779 1208 3840 intuentes
1234 3783 1392 3861 prompta,
1418 3783 1454 3840 ut
1475 3777 1598 3859 decuit,

225 3861 228 3868 ’
285 3867 446 3929 alacritate
464 3868 652 3949 peticionem
672 3869 741 3931 eius
760 3872 792 3931 et
812 3869 1007 3931 desiderium
1029 3868 1158 3931 effectui
1179 3868 1359 3950 mancipare
1381 3867 1599 3948 decrevimus,

285 3963 415 4019 etcum
439 3963 510 4040 post
536 3957 657 4020 obitum
679 3959 748 4021 eius
771 3977 788 4020 a
810 3957 1009 4020 Wallrenriet
1038 3958 1267 4038 Oysterciensis
1304 3957 1425 4019 ordinis
1456 3956 1597 4020 cenobio

284 4053 355 4128 post
376 4047 521 4127 multum,
544 4067 640 4128 quem
660 4067 716 4130 pro
738 4049 797 4111 hac
818 4067 915 4111 causa
940 4049 1163 4126 sustinuimus,
1194 4046 1334 4109 laborem
1361 4045 1600 4112 monachorum

285 4143 477 4201 conventum
500 4145 531 4200 et
551 4137 698 4201 abbatem
713 4139 919 4222 impetrantes
940 4139 973 4199 in
994 4137 1064 4199 loco
1080 4133 1262 4199 'lundinensi
1276 4157 1330 4200 ecs
1344 4136 1600 4202 collocassemus

283 4229 408 4311 ipsique
430 4249 487 4311 per
507 4247 608 4290 aniius
629 4228 750 4309 aliquot
776 4228 894 4291 ibidem
921 4227 1123 4305 habitassent
1144 4226 1249 4288 visum
1262 4233 1310 4288 est
1325 4227 1379 4303 eis,
1402 4225 1486 4306 quod
1499 4225 1600 4292 lucus

282 4322 369 4385 idem
390 4329 518 4406 propter
539 4319 744 4383 barbarorum
768 4319 976 4396 vicmitatem,
1002 4336 1172 4400 pravorum
1199 4317 1453 4399 persecutionem
1473 4315 1600 4396 ipsius—

285 4431 346 4493 que
357 4412 420 4474 loci
431 4411 652 4474 difficultatem
669 4428 780 4472 eorum
792 4409 1027 4470 conversationi
1044 4427 1107 4468 non
1124 4411 1322 4488 congrueret,
1338 4405 1488 4489 precipue
1502 4409 1599 4486 quod

282 4507 411 4586 propter
431 4503 534 4584 gentis
556 4501 734 4564 barbariem
755 4501 865 4582 paucis
887 4497 937 4559 rel
959 4497 1055 4559 nullis
1077 4497 1117 4559 ad
1133 4497 1374 4559 conversionem
1385 4495 1602 4561 venientibus

282 4593 516 4655 successionem
548 4591 592 4654 ibi
621 4591 733 4672 religio
765 4609 829 4652 non
863 4589 1011 4660 haberet„
1053 4588 1191 4651 Proinde
1225 4606 1284 4648 nos
1316 4587 1355 4650 de
1390 4585 1523 4648 consilio
1556 4595 1604 4654 et
