3400 5148
617 391 669 452 Nr.
683 393 740 452 128.
764 392 839 452 taso.
1341 391 1388 448 151

98 541 203 625 nso.
230 541 339 624 Junl
365 542 429 624 28.
458 541 850 624 Wecbterswlnkel.
1305 539 1392 623 128.

159 675 307 758 ,natam
319 663 477 742 dcbtissc'n
498 677 567 742 und
590 677 645 740 der
658 677 803 740 Knnvent
823 677 876 740 aas
890 668 1153 742 Nonncnlrlostcrs
1171 698 1212 744 arc
1232 677 1394 742 Weclttcrs·

128 765 238 830 winlcel
258 767 404 830 naastan
426 767 486 830 den
508 766 720 848 Marbqrafcn
741 766 894 832 Heinrich
914 787 973 830 von
991 767 1130 830 Meisscn
1152 767 1203 830 die
1227 767 1395 848 Uebcrpabe

128 857 179 920 des
197 877 242 920 on
264 855 322 920 dos
333 857 455 922 chstcr
473 855 580 938 Psorta
600 857 786 938 ccrkcuftcn
798 857 914 938 Dort'as
930 857 1117 920 Lentcntbul
1132 858 1217 922 nebat
1245 863 1266 922 3
1280 855 1393 938 Hufen

129 948 162 1010 in
181 945 436 1011 Sncbscnbunsen
457 947 492 1012 in
513 947 615 1012 scincr
631 949 816 1028 Geycnwart
835 947 975 1030 scierint»
996 945 1157 1012 vollaielacn
1178 966 1220 1010 an
1240 946 1352 1012 lassam

235 1082 372 1217 thlspttr..¹
392 1083 437 1216 (pr.
451 1083 525 1216 licen.
545 1083 619 1138 noct
635 1081 682 1152 Sp.
702 1083 857 1152 abpefnllcn.
877 1082 996 1152 Lebaia,
1009 1081 1168 1140 Ueia-Bul.
1185 1113 1216 1121 -
1236 1082 1266 1136 D
1277 1074 1328 1136 44¹²
1340 1083 1392 1150 (nt,

307 1167 404 1218 utente
411 1167 434 1231 ).
485 1167 545 1219 aaa
774 1167 778 1176 ·

234 1268 358 1402 Draapkp:
370 1269 527 1418 m,
547 1273 606 1324 775.
636 1267 889 1324 naraon-Senator
902 1267 931 1335 1,
949 1271 1010 1322 229.
1037 1267 1172 1321 Dantsclt:
1196 1267 1330 1335 Wotffll,
1349 1271 1391 1322 54.

314 1365 349 1418 9.
435 1355 439 1362 '
519 1353 560 1404 91.

166 1475 337 1558 Magnifice
362 1477 431 1538 viro
460 1495 496 1539 ac
523 1477 639 1540 illustri
667 1479 810 1561 principi,
832 1478 960 1541 domino
982 1474 1160 1558 Hleiuricol
1181 1477 1334 1541 Misnensi
1362 1483 1393 1542 et

95 1565 237 1629 Orientali
264 1566 455 1636 marchioni,
489 1566 661 1649 Thuringie
694 1567 870 1649 lantgravio
894 1573 926 1630 et
951 1566 1088 1630 Saxonis
1111 1567 1217 1630 comiti
1245 1566 1393 1650 palatino,

95 1652 268 1736 Blerchtall
299 1654 350 1719 dei
378 1656 479 1736 gratia
505 1656 662 1720 abbatissa
691 1661 840 1738 totusque
868 1663 1045 1720 conventus
1066 1656 1253 1720 ancillarum
1276 1657 1392 1721 Christi

93 1745 121 1805 in
151 1743 453 1808 Wecbterswinkete
492 1761 565 1808 curm
601 1747 725 1810 devotis
762 1746 957 1810 orationibus
994 1751 1135 1828 paratam
1168 1744 1208 1808 ad
1239 1745 1394 1828 obsequia

94 1835 313 1918 volumptatam
350 1835 428 1909 (sic).
481 1836 531 1899 Ad
566 1843 668 1900 vestre
706 1837 908 1900 sublimitatis
946 1836 1101 1899 iudicium
1138 1842 1170 1899 et
1200 1839 1390 1919 presentiam

95 1925 299 1989 venerabilem
322 1927 495 1998 dominum,
517 1933 637 2011 patrem
666 1933 698 1991 et
719 1929 913 2011 prepositum
935 1933 1081 1990 nostrum
1103 1925 1296 2006 Sibotonem,
1317 1948 1392 1990 con-

94 2016 222 2080 corditer
250 2021 283 2079 et
312 2018 503 2080 unammiter
530 2018 742 2095 destinamus
774 2018 847 2082 data
874 2018 933 2081 sibi
960 2017 1163 2097 auctoritate,
1190 2022 1226 2080 ut
1252 2018 1392 2104 proprie-

94 2109 195 2182 tatem,
216 2106 393 2170 dominium
415 2111 447 2170 et
475 2109 708 2192 possessionem
737 2108 811 2171 ville
839 2107 997 2172 Ludental
1025 2111 1056 2171 et
1085 2108 1181 2170 trium
1208 2127 1392 2172 mansorum

95 2195 217 2259 invilla
243 2197 462 2262 Sasseuhusen
492 2203 523 2261 et
549 2217 629 2282 pago
657 2199 758 2281 ipsius
780 2199 912 2261 sitorum
933 2198 1063 2260 nomine
1085 2199 1228 2260 omnium
1246 2203 1392 2262 nostrum

93 2283 121 2345 in
142 2285 316 2350 dominium
338 2291 370 2350 et
392 2289 615 2372 proprietatem
637 2287 759 2351 abbatis
780 2291 812 2351 et
832 2291 1009 2351 conventus
1029 2288 1214 2351 monasterii
1229 2285 1392 2352 Portensis

94 2373 306 2440 (isterciensis
327 2376 464 2454 ordinis,
489 2377 754 2458 Nuenburgensis
777 2378 931 2458 dyocesis,
952 2397 1026 2441 cum
1048 2377 1197 2440 omnibus
1218 2378 1392 2441 attinentiis

92 2464 227 2530 eiusdem
247 2466 323 2530 ville
343 2471 408 2530 tam
438 2469 472 2529 iu
504 2468 574 2550 ipsa
603 2466 680 2530 villa
713 2486 809 2548 quam
840 2468 872 2529 in
904 2487 984 2550 pago
1015 2468 1117 2550 ipsius
1147 2469 1215 2530 sitis
1247 2467 1301 2531 det
1322 2470 1392 2531 uni-

93 2555 250 2620 versaliter
277 2562 311 2620 et
335 2557 549 2629 transfundat,
577 2558 622 2619 ita
651 2556 737 2639 quod
764 2557 871 2620 omnia
897 2559 981 2637 iura,
1011 2575 1073 2638 que
1094 2558 1187 2622 nobis
1207 2557 1242 2620 in
1263 2557 1340 2620 villa
1360 2562 1393 2620 et

92 2661 166 2725 pago
197 2645 327 2726 prefatis
358 2645 571 2728 conpetebant
606 2652 637 2710 et
673 2645 774 2710 tribus
805 2648 924 2710 mansis
951 2648 983 2709 in
1012 2647 1088 2710 villa
1115 2647 1332 2711 Sasscnhusen
1360 2652 1391 2711 et

92 2751 165 2814 pago
192 2736 293 2818 ipsius
320 2735 405 2814 sitia,
434 2735 540 2798 abbati
567 2740 599 2799 ct
623 2737 794 2799 conventui
816 2738 1000 2800 monasterii
1022 2737 1185 2800 Portensis
1207 2736 1392 2819 simpliciter

92 2829 120 2882 et
148 2825 276 2887 omnino
307 2830 516 2907 permaneant
545 2831 697 2909 perpetua
727 2826 878 2889 firmitate
910 2826 1055 2889 subnixa.
1111 2827 1273 2909 Rogamus
1306 2843 1391 2908 ergo,

93 2912 170 2990 quod
192 2913 325 2976 tradicio
347 2915 563 2997 predictorum
584 2916 616 2976 in
638 2916 798 2997 presentia
819 2921 925 2978 vestra
949 2917 1007 2978 fiat
1032 2935 1106 2978 cum
1133 2914 1239 2978 debita
1264 2915 1391 2978 sollem-

92 3001 203 3080 pnitate
214 3003 392 3066 secundum
404 3004 569 3084 antiquam
589 3009 672 3067 terre
689 3005 954 3068 consuetudinem
966 3009 998 3068 et
1014 3005 1167 3068 hacteuus
1178 3004 1392 3088 approbatam,

92 3089 131 3150 ita
157 3093 240 3172 quod
268 3091 345 3154 villa
365 3097 397 3156 et
417 3094 520 3156 mansi
541 3113 613 3156 carm
636 3093 784 3157 omnibus
807 3095 873 3158 suis
895 3096 1068 3158 attinentiis
1091 3095 1264 3178 pretaxatis
1285 3094 1390 3157 abbati

93 3185 121 3238 et
154 3181 324 3244 conventui
354 3201 391 3244 ac
422 3183 613 3246 monasterio
647 3203 743 3266 supra
774 3183 866 3246 dictis
901 3189 1052 3268 perpetuo
1082 3189 1289 3267 permaneant
1317 3203 1390 3247 cum

92 3271 172 3331 omni
205 3289 282 3352 pace
315 3289 352 3332 ac
385 3272 505 3352 quiete,
536 3271 773 3335 cavillationum
810 3279 841 3336 et
867 3275 1165 3357 interpretationum
1191 3275 1390 3337 sinistrarum

92 3356 273 3441 calumpniis
292 3358 448 3424 submotis
469 3362 596 3442 penitus
619 3366 651 3424 et
671 3361 820 3425 exclusis.
862 3362 942 3425 Cum
964 3364 1049 3426 enim
1066 3364 1100 3426 in
1116 3363 1299 3428 venditione
1314 3362 1390 3426 ville

92 3451 119 3507 et
144 3449 215 3529 pagi
236 3454 268 3512 et
288 3467 474 3512 mansorum
495 3451 721 3533 premissorum
744 3471 795 3514 res
816 3457 924 3530 nostra
944 3453 1065 3516 utiliter
1084 3459 1172 3534 gesta
1192 3473 1274 3526 esse,
1297 3457 1391 3535 prout

91 3538 356 3616 recognoscimus,
383 3538 594 3619 liquidissime
620 3541 848 3623 conprobetur,
878 3559 943 3605 non
975 3561 1141 3627 possemus
1166 3561 1240 3605 ctam
1266 3542 1390 3605 indem-

90 3625 204 3703 pnitate
215 3628 360 3706 bausire,
380 3647 560 3712 cnmsuper
571 3630 752 3711 morandis
767 3649 804 3694 ac
821 3632 987 3696 evictionis
1000 3631 1201 3695 cautionibus
1217 3635 1391 3703 teneamur,

92 3731 232 3778 necnon
254 3717 323 3780 sine
353 3717 471 3781 doloris
490 3719 601 3782 acideo
623 3718 783 3790 tollerare,
805 3721 831 3783 si
853 3721 951 3785 abbas
972 3728 1004 3785 et
1024 3725 1201 3785 conventus
1221 3721 1392 3784 Fortenses

83 3821 182 3886 super
213 3809 387 3889 prenotatis
419 3809 599 3890 aliqualiter
627 3813 831 3873 vexarentur.
880 3808 997 3874 Datum
1029 3812 1062 3874 in
1087 3810 1391 3874 Wechtersuinkele

91 3909 169 3956 anno
192 3895 310 3958 domiui
330 3906 523 3976 M⁰CC⁰L⁰⁸,
543 3909 616 3962 ΙΠΙο
637 3898 791 3962 kalendas
813 3900 895 3979 tuln,
917 3906 1027 3964 octave
1047 3901 1239 3964 indictionis.

157 4010 167 4036 ²
187 4009 299 4064 Meamne
316 4011 384 4066 aaa
402 4011 487 4066 ΙΙΙΙ0
506 4013 799 4067 coruncanum
819 4021 881 4068 aetat
899 4016 942 4069 die
965 4015 1093 4070 Urbamde
1112 4015 1144 4068 in
1162 4015 1213 4069 das
1231 4015 1392 4070 anr1254.

92 4085 167 4141 noan
193 4090 334 4158 maana»
359 4091 459 4158 dacem
487 4091 551 4146 dues
576 4093 705 4147 armachan
732 4093 776 4146 L⁰
794 4093 852 4147 and
870 4093 953 4148 ΙΙΙΙο
977 4096 1007 4148 tn
1025 4094 1072 4148 der
1096 4095 1231 4162 Ursclnijt
1248 4095 1293 4147 cin
1311 4099 1392 4148 macca

90 4167 202 4222 actm
220 4169 311 4223 Mum
329 4171 365 4225 ist
378 4173 420 4224 als
437 4173 564 4226 conchen
582 4172 631 4226 den
650 4173 761 4240 albricen
779 4173 961 4241 brumban,
980 4175 1074 4242 crpiebt
1092 4175 1148 4228 siclt
1165 4173 1216 4228 das
1233 4173 1303 4228 Janr
1321 4177 1392 4227 1250

90 4245 162 4300 abac
173 4263 225 4301 aaa
233 4247 281 4302 der
290 4248 448 4318 Inclinant,
467 4251 604 4306 tbcrlacus
613 4251 665 4306 dm
673 4251 784 4321 albatam
798 4251 945 4308 Urkmtdcn
957 4254 1021 4307 atbar
1033 4253 1171 4307 denubere
1184 4251 1362 4321 Geqcrmtand.

157 4351 168 4392 ¹
182 4353 270 4423 Wolff
281 4360 391 4426 nydnrt
399 4355 452 4411 den
464 4355 572 4412 Nomen
581 4379 589 4408 :
599 4356 723 4412 Barbara
729 4357 875 4426 jedcnsalls
888 4359 958 4412 nccb
976 4359 1038 4412 Urlc.
1052 4359 1100 4412 131
1117 4359 1157 4412 aa
1169 4357 1284 4412 Pertncb
1293 4356 1320 4424 I,
1329 4361 1390 4422 283,

90 4429 341 4585 mgb&
369 4437 401 4490 tn
424 4436 472 4492 der
492 4439 603 4508 ,amabas
631 4437 695 4492 Urlc.
719 4437 838 4492 Berchta
864 4439 1078 4507 aacpeacbrt'cben
1099 4437 1159 4492 und
1178 4436 1296 4492 vendisset
1318 4437 1392 4492 πιών

610 4635 860 4646 ----—.-—-
