3402 5152
545 381 595 440 Nn.
605 383 754 440 451-454.
776 381 956 442 mis—1314,
1354 389 1402 444 421

103 555 169 600 cum
197 536 283 600 omni
308 538 390 614 iure,
418 537 558 600 dominio
587 545 618 600 et
645 537 796 616 utilitate,
824 538 942 621 quibus
971 557 1164 622 quocunque
1190 539 1283 602 modo
1305 543 1336 602 in
1360 541 1406 604 eis

105 627 214 710 poterit
239 627 387 710 adipisci,
414 629 483 690 iure
504 629 708 710 proprietario
730 636 880 712 perpetuo
904 631 1143 712 possidendum,
1174 631 1317 694 nolentes
1338 635 1406 714 pre-

103 718 232 780 dictsmb
254 715 438 780 Portensem
461 717 622 780 ecclesiam
642 717 804 800 abaliquo
822 718 971 782 heredum
991 727 1171 784 nostrorum
1191 741 1247 784 seu
1264 739 1407 804 quocun-

103 825 161 888 que
191 806 357 868 hominum
380 807 411 868 iu
436 807 582 888 predictis
604 806 696 868 bonis
717 807 749 869 in
772 815 933 890 posterum
956 809 1134 892 aliqualiter
1157 810 1323 901 molestari.
1369 811 1408 873 Ut

102 900 196 979 igitur
223 897 280 960 hec
307 903 413 959 nostra
440 895 571 958 donacio
595 899 827 980 imperpetuum
857 907 981 962 maneat
1009 899 1198 962 inconvulsa
1227 909 1258 962 et
1278 921 1296 962 a
1319 901 1406 962 nullo

103 989 227 1070 penitus
249 988 397 1066 irritetur,
414 987 514 1067 ipsam
537 988 675 1069 presenti
697 987 799 1049 littera
822 995 852 1050 et
872 989 968 1070 sigilli
990 991 1089 1050 nostri
1105 991 1296 1072 appensione
1314 993 1406 1053 iussi-

103 1097 172 1140 mus
193 1079 394 1140 communiri.
435 1074 552 1138 Datum
575 1078 608 1140 in
631 1075 732 1138 tlotlre
756 1096 840 1139 anno
862 1077 982 1140 domini
1004 1088 1254 1158 M⁰Ct¹c⁰llllll‚
1277 1089 1313 1142 Vl
1336 1079 1407 1143 idus

101 1169 225 1251 Aprilis.

168 1294 284 1348 aeciam
301 1293 369 1360 fehlt
386 1292 416 1345 D
486 1281 722 1362 '’predictumT

101 1560 226 1662 [1314.
254 1557 381 1660 April
396 1557 499 1660 1521]
527 1557 726 1641 ll'elmnr.
1314 1561 1407 1644 453.

181 1695 346 1759 Hermann
370 1694 463 1774 Graf
479 1714 537 1756 ron
564 1693 757 1758 Orlamliadc
777 1695 895 1758 erloldrl
915 1695 1001 1758 seiae
1023 1695 1246 1777 Zuslintmunq
1270 1699 1328 1778 fiir
1348 1700 1408 1760 dea

144 1787 230 1862 Poll,
259 1786 333 1848 dass
358 1785 415 1848 der
435 1785 497 1847 Ald
523 1804 582 1847 eron
609 1787 717 1866 Plorle
741 1787 792 1848 dio
815 1786 915 1848 Giiter
944 1787 979 1848 in
1007 1787 1172 1868 Lissdorfi·
1193 1789 1287 1850 deren
1307 1790 1409 1868 eipen-

140 1876 322 1940 llriimlioder
354 1875 463 1938 Besite
493 1875 604 1956 frdlter
631 1876 696 1938 ilem
722 1877 934 1955 eraymlanden
964 1877 1056 1954 brebe,
1087 1879 1177 1940 daun
1209 1877 1282 1940 aber
1309 1879 1408 1940 dirrcb

143 1967 266 2029 raason
287 1967 331 2028 on
352 1966 412 2027 das
433 1965 559 2042 Klostor
579 1967 813 2046 iiberpepoupen
834 1967 892 2042 sei,
914 1988 957 2029 aa
981 1967 1128 2030 Gerhord
1151 1967 1329 2030 Marsclall
1349 1990 1409 2032 von

143 2057 337 2122 Gessersledt
357 2075 398 2119 aa
420 2055 524 2118 [leber
545 2057 730 2136 dberlrnpca
752 2057 845 2122 icelle.
895 2057 959 2136 Vol.
981 2056 1042 2119 Nr.
1055 2061 1129 2120 454.

251 2181 383 2237 Haecin:
402 2183 475 2235 1259
493 2183 545 2250 (rit.
560 2181 668 2236 Listorf
681 2188 710 2238 et
730 2181 907 2248 Brentbach).
948 2173 1056 2236 T127l.

251 2275 376 2330 Drwlc:
404 2273 520 2340 Bdbme,
549 2275 797 2344 llcrrnposserstedt
814 2279 857 2332 29.
904 2275 1039 2330 Deulselt:
1072 2275 1158 2344 Wolff
1177 2277 1223 2342 Il,
1251 2281 1309 2332 352.
1354 2277 1408 2347 Vpl

310 2374 331 2408 n.
343 2355 520 2409 ,Reitzenstein
538 2360 597 2410 129.
1159 2355 1164 2363 ’

181 2469 247 2534 Nos
268 2469 474 2532 Hermnunus
505 2470 554 2534 dei
585 2472 687 2552 gratia
714 2490 820 2534 comes
846 2471 884 2533 de
906 2467 1101 2534 Orlamunde
1131 2471 1331 2555 presentibus
1362 2491 1410 2534 re-

95 2563 331 2644 cognoscimus,
353 2559 447 2644 quim,
469 2562 494 2623 si
518 2560 668 2624 dominus
691 2561 788 2624 abbas
810 2561 972 2623 Portensis
995 2559 1076 2623 bona
1097 2563 1129 2623 in
1147 2559 1409 2644 Linsingesdorft

94 2671 237 2734 quorum
267 2652 440 2734 proprietas
471 2650 631 2734 quondam
661 2653 698 2714 ad
727 2671 785 2714 nos
813 2653 978 2734 pertinuit,
1006 2671 1092 2713 nnnc
1114 2658 1220 2714 autem
1242 2652 1281 2714 ad
1304 2653 1407 2733 ipsum

94 2751 128 2804 et
156 2743 195 2804 ad
218 2762 312 2804 sunm
336 2743 563 2804 monasterium
587 2761 626 2804 ex
639 2743 870 2824 permutatione
886 2741 1044 2820 transivit,
1066 2741 1226 2803 (lerlrnrdo
1240 2741 1409 2804 marscalco

92 2835 127 2894 in
156 2831 336 2894 (lonerstete
357 2837 388 2894 et
409 2833 476 2894 suis
497 2831 704 2894 coheredibus
726 2831 867 2892 conferre
888 2829 1042 2892 nolueritb
1064 2831 1095 2891 in
1118 2831 1208 2892 feodo
1230 2837 1261 2893 et
1283 2832 1348 2912 ipse
1370 2830 1408 2892 ab

92 2942 133 2984 eo
160 2925 298 3005 recipere
319 2922 482 3000 volueritl,
504 2922 542 2984 nd
565 2922 623 2983 hoc
643 2921 781 2984 savorem
806 2925 949 2983 nostrum
972 2919 1172 3002 presentibus
1191 2921 1360 3002 prebemus
1380 2928 1410 2982 et

91 3012 284 3076 benivolum
308 3030 515 3088 consensum,
540 3010 621 3072 nilril
642 3009 734 3073 nobis
756 3011 835 3072 iuris
857 3011 889 3072 in
914 3010 1031 3072 eisdem
1056 3009 1146 3072 bonis
1169 3011 1296 3091 penitus
1318 3029 1410 3072 usur-

90 3109 226 3186 pantes,
251 3107 355 3166 ratum
385 3112 416 3164 et
440 3106 565 3182 gratum
595 3100 759 3176 habentes
786 3101 937 3182 quicquid
960 3101 1108 3164 dominus
1131 3099 1229 3162 abbas
1251 3101 1410 3182 predictus

88 3201 125 3256 et
156 3213 238 3255 suus
263 3199 441 3255 conventus
467 3194 499 3253 in
529 3190 677 3273 predictis
698 3191 791 3253 bonis
813 3190 963 3254 duxerint
983 3189 1115 3274 dignum
1138 3209 1194 3253 seu
1216 3189 1411 3252 decreverint

87 3283 324 3346 ordinandum.
365 3281 467 3364 Super
488 3282 563 3343 hocc
585 3289 762 3364 presentem
785 3281 920 3344 litteram
942 3282 1096 3344 iussimus
1118 3279 1257 3362 sigillari.
1292 3277 1407 3343 Datum

88 3373 255 3436 Wimnrie
277 3376 309 3435 in
331 3373 468 3435 crastino
489 3369 645 3451 Tyburcii.

172 3495 431 3567 'Lisegesdorff'l'
501 3487 665 3552 hvoluitT
734 3495 836 3550 ceol'

173 3605 181 3634 ¹
203 3603 254 3657 Ba·
278 3605 325 3658 der
349 3603 439 3658 nalren
458 3601 611 3671 Bezr'elrunp
638 3601 685 3655 der
707 3602 836 3656 Urlrunde
858 3618 908 3654 eur
935 3601 1074 3670 solpeaden
1096 3603 1165 3656 wird
1190 3621 1255 3657 irena
1278 3623 1316 3658 on
1334 3606 1410 3658 einen

79 3686 235 3740 derseloen
260 3687 326 3738 taur
352 3700 604 3752 roranpepanpenen
626 3683 677 3752 an
704 3682 762 3735 aad
789 3682 896 3735 clesltalb
922 3683 982 3734 eber
1009 3699 1047 3734 nn
1073 3681 1125 3736 den
1153 3688 1193 3736 m.
1212 3685 1294 3752 April
1319 3692 1409 3750 [orest.

78 3763 223 3820 Tiburni
241 3771 268 3818 et
289 3763 442 3834 Valeriani)
462 3767 531 3816 1311
549 3766 591 3816 als
609 3781 647 3816 an
665 3763 716 3816 den
736 3767 776 3817 12.
791 3763 896 3830 Anapust
916 3761 1148 3831 (crast'siburtii)
1169 3767 1237 3816 1313
1259 3764 1322 3817 oder
1340 3767 1410 3819 eirws

77 3847 164 3902 orech
187 3847 315 3912 srdberen
332 3847 431 3899 doleres
449 3863 482 3898 eu
501 3845 603 3898 (lenden
623 3844 714 3896 leuben.

711 4009 716 4014 .
733 4009 771 4014 -.-
777 4007 881 4016 -..—--

76 4067 213 4152 1314.
241 4065 328 4148 uni
342 4067 379 4148 3.
1318 4067 1411 4149 454.

183 4201 332 4266 Gerbard
354 4201 531 4266 Mnrscbnll
551 4201 587 4263 in
613 4201 806 4265 Gesserstedt
826 4203 937 4265 ninrml
960 4202 1021 4266 alle
1040 4203 1125 4264 seirze
1140 4201 1353 4281 Besileanpen
1375 4205 1409 4265 in

124 4294 299 4374 Lissdors,
321 4295 373 4357 die
393 4315 426 4357 er·
445 4313 504 4356 von
525 4294 593 4356 dein
618 4293 743 4372 Grolen
761 4292 926 4356 Hermann
946 4313 1005 4357 von
1032 4293 1225 4356 Orlnniilndc
1244 4313 1284 4355 en
1308 4293 1411 4358 Labeo

117 4384 251 4468 yelrabt
270 4384 333 4459 tat,
354 4383 504 4447 adelidem
526 4385 627 4444 dieser
648 4383 707 4446 clos
718 4383 1008 4461 Elpeinlbumsreobt
1023 4404 1067 4446 ora
1085 4385 1144 4446 den
1156 4384 1219 4446 Abi
1238 4405 1293 4446 roa
1305 4385 1413 4465 Plbrle

118 4477 325 4554 iiberlrapen
347 4474 415 4549 nal,
444 4493 502 4536 vora
529 4473 678 4535 delatorem
699 4493 739 4536 eu
760 4472 864 4535 lichen
885 4475 953 4536 aad
974 4473 1162 4552 oerpslicbtot
1182 4475 1266 4536 senze
1286 4474 1413 4537 Kiader

117 4565 212 4632 und
243 4563 348 4628 Erben
378 4565 446 4628 dies
475 4563 625 4644 cbeusndls
656 4583 697 4627 zu
728 4563 815 4660 lbera.
865 4561 927 4626 Boi
953 4565 1110 4642 elwnipera
1131 4565 1323 4628 Aiessterbeu
1353 4585 1412 4628 'iou

141 4674 422 4724 amoenissimas.
439 4675 471 4714 no
488 4673 586 4714 xxxin.
1177 4664 1211 4718 28
