3506 5148
639 387 847 446 terensem.
868 388 943 444 rent.
1392 387 1445 444 498

140 542 258 608 Datum
287 541 388 605 (iotha
417 559 501 604 anne
530 541 651 604 domiui
678 541 846 606 millesimo
876 541 1089 604 tricentesimo
1121 539 1271 604 vicesimo
1301 541 1445 625 septimo,

140 633 241 719 pridie
261 631 411 696 kalendas
421 630 622 713 Septembris.
653 629 752 696 Cuius
771 634 815 695 rei
834 637 930 696 testes
951 637 1028 696 sunt
1047 631 1168 695 nobiles
1186 632 1245 693 viri
1259 629 1444 694 Guntherus

139 743 247 788 comes
267 724 306 786 de
326 719 561 800 Swurtzburch,
591 720 765 785 Heinricus
796 723 901 785 iunior
932 722 1104 785 advocatus
1135 721 1173 785 de
1200 720 1316 785 Piaue⁸
1342 721 1445 784 dietus

140 814 263 878 Ruezef
283 813 382 876 nostri
402 813 644 894 consanguinei,
666 811 833 876 Berteldus
855 813 893 876 de
913 813 1096 876 Eckesteteg
1115 812 1334 874 vicedominus
1355 810 1445 875 miles

141 913 172 970 et
190 904 402 969 Theodericus
423 907 530 966 noster
551 903 694 967 notarius
715 910 746 967 et
766 921 861 985 quam
881 902 988 985 plnres
1007 902 1060 966 alii
1081 901 1143 966 fide
1164 903 1262 986 digni.

142 1035 434 1108 ··³eeterisqueT
526 1026 815 1090 ''hidrimnuunusT
911 1037 1111 1092 ⁰eoniormare
1129 1035 1158 1089 D
1257 1027 1318 1092 det
1334 1036 1404 1103 fehlt
1423 1035 1449 1088 T

138 1118 240 1190 ⁰plnu
259 1119 289 1173 D
360 1109 464 1172 ‘nune
483 1115 512 1168 D
582 1117 723 1171 gnirstete
743 1116 774 1171 D

141 1297 249 1380 1327.
276 1293 528 1397 September
546 1294 612 1380 20.
1351 1292 1443 1375 536.

219 1431 327 1496 Aleert
347 1431 419 1508 Ant,
450 1429 594 1494 Dietrich
617 1431 711 1494 Prior
740 1431 809 1494 und
839 1431 894 1494 dcr
920 1432 1063 1494 Konvent
1091 1430 1145 1494 des
1172 1428 1314 1494 Klosters
1337 1429 1445 1510 Pforte

178 1521 444 1594 eoncedendum
464 1521 509 1586 sie
529 1522 576 1585 bei
596 1520 694 1584 ihren
713 1520 923 1602 Unvermdpen
945 1517 1217 1602 dieKuufsumme
1236 1520 1294 1601 seir
1313 1519 1365 1582 die
1386 1539 1445 1584 oen

178 1615 239 1678 den
257 1613 522 1676 Vitethnmenvon
534 1612 659 1692 Apeldo
679 1613 872 1676 ermerbenen
892 1611 960 1674 drei
976 1610 1087 1674 Viertel
1105 1610 1159 1674 des
1170 1611 1284 1690 Dorfes
1296 1608 1445 1672 Sachsevt·

177 1705 300 1768 heusen
334 1723 375 1766 eu
406 1701 550 1768 bechion
584 1703 635 1766 die
663 1703 794 1766 Brdder
823 1699 979 1776 Dietricd,
1011 1700 1149 1764 Konrud
1179 1701 1248 1762 end
1277 1698 1444 1764 Hermann

180 1797 290 1856 Wnrnv
321 1793 554 1874 Bnrpmnnnen
584 1812 625 1857 en
652 1791 840 1856 Beneuen
870 1793 906 1853 in
933 1791 989 1854 den
1015 1789 1116 1854 Weise
1147 1790 1196 1853 als
1230 1789 1444 1854 Theilnehmer

177 1904 401 1966 anpenovnmen
421 1883 529 1954 doben,
550 1883 625 1947 dass
646 1883 766 1948 temere
786 1879 988 1948 auerterent
1003 1882 1058 1945 der
1070 1881 1285 1963 Knnfsnmme
1300 1880 1444 1945 berenice

177 1976 247 2040 und
281 1977 341 2038 den
375 1974 634 2054 entspvechenden
655 1974 785 2038 Aetnen
813 1994 858 2036 on
887 1973 949 2036 den
976 1971 1111 2036 Rechten
1143 1971 1213 2034 und
1241 1971 1444 2051 Einhia‘nften

178 2067 384 2146 enpfanpem
409 2065 521 2145 jedoch
551 2069 644 2128 enter
675 2063 837 2128 Verhehutt
869 2064 923 2126 des
951 2061 1257 2143 Eipenthnmsredds
1290 2061 1361 2124 ond
1390 2061 1444 2125 des

179 2155 485 2236 Kirdrenpetvonnts
504 2155 562 2236 fiir
583 2155 642 2219 des
664 2153 801 2218 unsre.
850 2153 915 2234 vpt.
936 2152 997 2220 Nr.
1013 2157 1086 2220 532.
1101 2155 1177 2218 558.

287 2282 424 2337 Hdechrs
446 2283 538 2336 Teon.
567 2282 640 2336 D90
659 2281 710 2349 (et.
724 2281 943 2346 Sschsinhusen)
964 2281 1014 2336 mit
1030 2281 1197 2336 anhireichen
1215 2280 1390 2349 Kitreampen.

287 2375 552 2430 cruentantem:
576 2375 661 2442 Wolff
676 2373 719 2440 II,
739 2378 798 2428 424.

217 2497 257 2560 in
279 2499 407 2562 nomine
429 2497 556 2562 domini.
588 2499 702 2561 Amen.
743 2495 809 2562 Nos
830 2496 1088 2561 fraterhlbertus
1105 2496 1212 2576 abbas,
1231 2495 1442 2559 Theodericus

132 2590 222 2672 prior
261 2594 409 2671 totusque
447 2591 624 2651 conventus
659 2587 843 2650 monasterii
873 2586 1036 2650 Portensis
1076 2587 1196 2650 ordinis
1227 2584 1444 2650 cisterciensis

131 2677 393 2761 recognoscimus
425 2685 456 2742 et
486 2696 542 2760 per
570 2697 700 2760 presens
734 2678 886 2759 scripturn
920 2677 1074 2740 notificari
1110 2679 1259 2760 cupimus
1295 2675 1444 2740 omnibus

131 2767 257 2830 Christi
277 2766 424 2830 fideiibns
445 2772 508 2830 tarn
531 2767 730 2849 presentibus
752 2787 847 2850 quam
869 2767 999 2846 futuris,
1027 2767 1126 2850 quod,
1146 2787 1220 2831 cnm
1242 2788 1261 2830 n
1282 2767 1444 2830 strennuis

131 2859 215 2921 viris
237 2855 426 2921 Theoderico
449 2859 549 2921 milite
570 2865 601 2921 et
622 2857 768 2920 Bertolde
789 2858 890 2939 ipsius
910 2858 1005 2921 'fratre
1027 2858 1233 2921 vicedominis
1251 2855 1444 2938 deAppolde

130 2956 202 3012 tres
223 2951 326 3030 partes
345 2947 420 3011 viiie
442 2947 651 3012 Saxenhusen
671 2967 744 3010 cum
767 2947 917 3010 omnibns
938 2950 1006 3012 suis
1026 2947 1235 3032 pertinentiis
1255 2948 1349 3010 cuius
1370 2946 1444 3009 viiie

128 3036 264 3100 residua
298 3041 410 3120 quarta
441 3057 513 3120 pers
542 3037 645 3120 longis
672 3037 867 3120 temporibus
898 3058 972 3102 cum
1004 3040 1073 3102 suis
1098 3038 1297 3123 pertinentiis
1319 3036 1359 3100 ad
1385 3056 1444 3100 nos

128 3127 291 3211 pertinuit
311 3131 342 3190 et
362 3127 466 3190 adhuc
487 3129 629 3210 pertinet,
651 3127 742 3210 pleno
763 3129 834 3191 iure
855 3129 1043 3192 emissemus
1065 3135 1095 3192 et
1110 3147 1372 3214 conparessomus
1388 3147 1443 3210 pro

128 3222 223 3280 certe
244 3217 379 3299 pecunie
401 3218 584 3300 quantitate,
609 3237 668 3282 nos
689 3217 933 3298 considerantes,
959 3219 1044 3302 quod
1067 3219 1167 3300 ipsam
1186 3219 1354 3304 pecuniam
1376 3237 1444 3302 pre-

129 3308 231 3370 dictis
254 3306 458 3370 vicedominis
480 3307 538 3370 soli
559 3308 736 3389 persolvere
757 3327 821 3370 non
845 3328 1024 3391 possemus,
1046 3314 1215 3374 strennuos
1241 3309 1326 3372 virus
1346 3307 1444 3372 Theo-

127 3399 295 3474 dericum,
325 3395 506 3460 Conradurn
535 3406 566 3460 et
590 3397 789 3462 Hermauum
818 3399 929 3462 fratres
954 3399 1053 3463 dictes
1080 3399 1229 3464 Worme²
1257 3398 1443 3462 castellanos

125 3489 186 3552 inb
221 3485 401 3550 Botenstete
439 3487 530 3550 nobis
561 3489 592 3550 in
627 3489 728 3550 socios
759 3494 822 3552 tam
855 3489 1040 3554 solutionise
1071 3490 1153 3552 dicte
1182 3490 1315 3574 pecunie
1346 3509 1443 3572 quam

124 3577 346 3663 possessionis
388 3577 543 3640 dictarum
588 3579 685 3640 trium
727 3579 862 3662 partium
907 3578 1057 3660 prelibate
1099 3579 1173 3642 ville
1214 3579 1444 3642 Sonenhusen‘i

123 3667 388 3749 assumpsimus⁰
409 3667 440 3728 in
464 3666 550 3729 hunc
564 3667 703 3744 modum,
727 3667 870 3731 videlicet
887 3669 971 3750 quod
985 3669 1123 3750 predicte
1138 3668 1290 3732 solvenda
1308 3669 1443 3752 pecnnia

122 3778 190 3847 pro
215 3776 281 3820 ‘nna
301 3761 388 3838 parte
408 3777 463 3838 per
484 3775 542 3820 nos
563 3763 593 3820 et
615 3776 670 3840 pro
692 3757 787 3840 dupla
810 3763 896 3839 parte
922 3777 977 3841 per
995 3757 1241 3834 Theodericum,
1262 3755 1441 3821 Oonredum

122 3859 158 3913 et
193 3845 419 3910 Hermannum
450 3846 605 3928 predictos
637 3847 835 3928 persolvetur
863 3851 894 3912 et
925 3847 1101 3911 secundnm
1133 3853 1244 3911 terum
1276 3849 1443 3912 solutionis

121 3932 271 4024 pecunie
297 3937 391 3999 etiam
417 3939 574 4020 possessio
604 3937 815 4019 predictarum
843 3937 955 4000 trium‘
980 3939 1118 4022 partium
1146 3938 1184 4000 ad
1211 3957 1271 4001 nos
1294 3958 1350 4020 pro
1377 3959 1443 4002 uua

120 4038 156 4093 et
192 4026 235 4090 ad
268 4028 353 4108 ipsos
384 4046 440 4110 pro
469 4025 564 4110 dupla
592 4031 679 4109 parte
708 4046 791 4112 equo
823 4028 1038 4092 moderamine
1070 4028 1255 4092 devolvatur
1280 4047 1316 4092 eo
1348 4029 1441 4092 modo

120 4135 238 4202 eaque
269 4115 383 4196 forma,
415 4116 558 4180 videlicet
589 4122 624 4180 ut
652 4118 692 4180 de
723 4115 797 4180 vero
824 4137 923 4182 censu
948 4118 1159 4201 predictarum
1186 4120 1282 4182 trium
1303 4120 1441 4201 ‘partium

120 4217 216 4274 nost
246 4227 342 4270 unam
373 4213 493 4290 pentem
514 4209 705 4291 recipiamus
727 4213 758 4272 et
779 4210 839 4292 ipsi
861 4209 940 4272 duas
962 4214 1065 4291 partes
1086 4209 1239 4290 recipiant
1259 4209 1342 4271 iusta
1363 4209 1443 4271 divi-

119 4304 224 4366 sione
257 4298 357 4381 ipsius
388 4317 518 4379 censue,
547 4306 716 4382 postquam
747 4320 765 4362 a
796 4299 923 4362 rusticis
954 4298 1054 4379 ipsius
1086 4296 1160 4360 ville
1190 4297 1309 4360 colonis
1345 4300 1441 4362 trium

119 4389 273 4476 partium
295 4388 504 4470 predictarum
528 4389 624 4453 simul
646 4390 812 4472 receptush
833 4393 864 4452 et
886 4389 1035 4452 collectus
1058 4387 1152 4452 inerit
1171 4407 1227 4472 per
1241 4407 1324 4466 eum,
1346 4408 1442 4471 quern

120 4502 188 4546 nos
222 4497 297 4540 cum
325 4478 471 4560 predictis
497 4477 699 4558 (theoderice,
730 4477 873 4543 Conrado
895 4483 926 4542 et
945 4477 1108 4542 Hermann
1130 4476 1169 4542 ad
1191 4477 1251 4542 hoc
1272 4477 1441 4560 deputave-

116 4573 253 4647 rimus,
280 4568 371 4633 iuxta
403 4567 548 4648 modum,
578 4570 634 4652 qui
660 4589 755 4652 supra
778 4569 913 4654 scriptus
935 4572 996 4648 est,
1026 4587 1107 4652 sque
1127 4568 1216 4631 fecta.
1257 4565 1313 4632 Ius
1334 4573 1442 4635 autem
