3400 5148
313 371 364 432 158
688 367 915 434 Urlundenbuch
933 370 982 434 des
1001 361 1126 434 lllostcrs
1144 372 1246 435 Plorte.

311 548 384 594 cum
411 530 597 594 auctoritate
625 529 799 613 apostolica
824 531 917 594 nobis
946 531 1020 594 data
1040 550 1136 616 super
1156 551 1261 610 causa,
1283 550 1348 614 que
1367 531 1451 596 inter
1469 527 1609 594 abbatem

310 627 343 683 et
367 627 561 684 conventum
587 619 757 684 Fortenses
786 621 906 684 ordinis
925 621 1147 702 Cistertiensis
1167 621 1198 684 N
1200 621 1433 704 neuburgensis
1453 621 1609 692 dioecesis,

311 728 352 773 ex
373 729 439 774 una
459 718 491 773 et
511 709 706 793 prepositum
728 715 760 772 et
779 710 949 793 collegium
971 711 1260 774 sanctimonialium
1281 711 1315 773 iu
1336 709 1609 774 Wechterswiltele

312 800 432 863 ordinis
460 801 562 862 sancti
590 799 770 880 Benedicti,
791 801 1034 884 Herbipolensis
1055 801 1218 880 dioecesin,
1240 819 1336 884 super
1355 805 1522 864 contractu
1541 799 1611 878 ville

309 888 496 953 Leutentale
538 895 570 952 et
615 889 710 952 trium
756 910 938 954 mansorum
979 893 1111 954 sitorum
1143 892 1176 954 in
1207 889 1425 954 Sasseuhusen
1457 908 1498 952 ex
1529 895 1609 971 parte

310 979 410 1041 altera
461 977 658 1055 vertebatur,
704 987 809 1062 partos
851 979 890 1042 ad
939 987 1079 1042 nostram
1131 980 1322 1062 presentiam
1360 980 1549 1041 citassemus
1585 983 1610 1039 et

309 1086 366 1150 pro
394 1071 483 1150 purte
505 1066 708 1129 Portensium
728 1067 841 1130 fnisset
864 1068 1048 1152 allegatum,
1072 1069 1157 1150 quod
1178 1067 1358 1152 prepositus
1379 1068 1413 1129 in
1435 1067 1610 1131 Wechters-

311 1155 422 1218 wikele
452 1156 582 1218 nomine
617 1157 904 1220 sanch'monialium
941 1159 1063 1241 prefate
1103 1156 1239 1238 ecclesie
1264 1156 1472 1220 Portensibus
1505 1167 1612 1240 super²

310 1255 393 1308 XXX
426 1247 573 1308 mansosl
609 1246 642 1307 iu
670 1245 856 1310 Leutentale
889 1253 921 1311 et
953 1250 986 1311 in
1016 1248 1235 1312 Sassenhnsen
1265 1247 1513 1310 demonstrasset
1551 1247 1610 1308 sire

309 1334 533 1412 notificasset0,
555 1334 639 1415 qnod
661 1344 727 1397 le
749 1337 851 1398 mansi
870 1338 904 1400 in
926 1339 996 1420 ipsa
1016 1336 1288 1400 villoLeutentale
1309 1335 1434 1398 essent‘¹
1449 1335 1482 1396 in
1499 1333 1610 1398 allodio

310 1423 446 1486 absoluti
472 1429 504 1487 et
529 1433 571 1488 XI
598 1426 667 1488 iure
697 1425 886 1489 hereditario
905 1427 1099 1491 haberentur
1120 1433 1152 1490 et
1172 1426 1311 1490 solveret
1332 1423 1465 1506 quilibet
1486 1443 1612 1486 mansus

309 1524 375 1578 vlu
396 1512 514 1576 solidos
535 1519 567 1576 et
590 1524 611 1576 V
635 1513 790 1592 denarios,
813 1517 852 1578 de
878 1516 979 1579 tribus
1000 1536 1076 1579 vero
1098 1517 1218 1578 rnansis
1240 1515 1273 1577 in
1295 1513 1514 1576 Sassenhusen
1534 1521 1612 1576 esset

309 1623 394 1666 liniis
422 1603 587 1666 absolutus
615 1610 647 1666 ct
674 1604 812 1668 solveret
835 1615 918 1668 11110‘
945 1605 1067 1668 maldra
1093 1605 1247 1668 frumenti
1273 1609 1305 1666 et
1331 1601 1411 1666 cinos
1439 1603 1611 1686 possideret

310 1693 440 1775 quidam
461 1693 674 1756 Theodericus
702 1699 843 1777 tempore
872 1697 939 1776 rite
964 1714 1024 1777 sue
1045 1702 1077 1759 et
1097 1695 1236 1759 solveret
1257 1694 1320 1756 duo
1342 1693 1460 1756 talenta
1482 1701 1515 1756 et
1536 1693 1612 1755 duos

309 1784 442 1863 solidos,
471 1790 502 1846 et
524 1783 692 1865 quodiam
715 1782 819 1847 dictus
840 1786 1019 1869 prepositus
1040 1786 1169 1849 efficere
1192 1783 1335 1862 deberet,
1356 1782 1442 1864 quod
1463 1782 1524 1846 filii
1546 1803 1612 1866 pre-

309 1873 385 1935 dicti
415 1872 468 1936 Th.
499 1879 571 1955 post
600 1877 735 1935 mortem
767 1874 837 1936 eius
867 1873 965 1936 nichil
995 1874 1074 1936 iuris
1104 1875 1137 1936 in
1170 1873 1234 1937 illis
1261 1871 1387 1936 duobus
1413 1874 1534 1936 mansis
1556 1872 1612 1934 sibi

309 1969 438 2046 possent
466 1981 633 2045 usurpare,
662 1967 695 2024 et
719 1982 776 2046 pro
802 1969 890 2045 parte
912 1963 1013 2026 altera
1033 1963 1183 2047 predictis
1205 1963 1364 2025 contraria
1383 1962 1520 2025 luissent
1540 1961 1613 2024 alle

309 2058 406 2134 gatae
427 2052 555 2115 tandem
576 2057 681 2136 partes
703 2052 858 2135 prelibate
879 2054 919 2116 de
939 2053 1071 2116 consilio
1092 2061 1199 2116 nostro
1222 2059 1254 2115 et
1274 2052 1408 2114 aliorum
1419 2052 1612 2134 prudentum

308 2143 449 2205 virorum
480 2143 514 2205 in
544 2142 679 2204 arbitros
710 2143 998 2224 concordaverunt,
1037 2144 1201 2206 Portensis
1236 2142 1385 2205 videlicet
1414 2141 1552 2204 ecclesia
1581 2144 1611 2203 in

309 2233 494 2314 magistrum
522 2229 693 2312 Hugonem
730 2240 893 2296 cantorem
929 2239 1038 2314 nostre
1064 2233 1215 2313 ecclesie,
1249 2231 1425 2294 Henricum
1455 2231 1612 2314 archipre-

233 2369 236 2376 .
308 2322 476 2385 sbiternmf
494 2321 527 2382 in
548 2319 683 2384 Trebere
705 2328 737 2384 et
757 2321 945 2385 Heinricum
968 2321 1208 2386 chibenstede
1230 2321 1371 2398 militem,
1393 2320 1614 2384 ecclesiarero

308 2413 340 2474 in
353 2411 640 2476 Wechterswekele
662 2411 695 2473 in
717 2414 914 2495 prepositum
933 2411 1050 2476 Montis
1071 2419 1182 2492 sancte
1199 2410 1413 2494 Walpurgis,¹
1437 2409 1614 2473 Walterum

310 2503 471 2584 quondam
498 2501 667 2584 plebanum
697 2501 731 2563 in
757 2501 931 2566 'l‘enestede
958 2509 990 2566 et
1009 2501 1186 2564 Henricum
1208 2501 1247 2564 de
1269 2499 1452 2582 hleldingen
1471 2498 1616 2566 militem.
1697 2561 1698 2578 ,

307 2591 361 2656 Hii
389 2592 498 2654 arbitri
527 2611 634 2654 coram
657 2592 750 2656 uobis
771 2592 810 2654 ab
833 2599 967 2672 utraque
988 2598 1076 2676 parte
1098 2590 1298 2654 concorditer
1318 2590 1472 2652 nominati
1494 2591 1614 2654 delibe-

307 2683 428 2744 ratione
454 2680 630 2763 prehabita,
659 2681 723 2744 lide
751 2683 840 2764 prius
866 2681 1071 2764 corporaliter
1099 2679 1241 2764 partibus
1268 2678 1306 2741 ab
1333 2679 1453 2742 eisdem
1474 2681 1616 2762 prestita
1697 2695 1698 2702 ¹

308 2772 407 2854 quod,
435 2771 588 2852 quicquid
614 2773 648 2834 in
674 2772 795 2854 prefato
821 2771 905 2833 facto
935 2776 1111 2834 statuerent
1131 2770 1181 2832 vel
1203 2770 1414 2853 preciperent,
1436 2769 1496 2832 hcc
1517 2769 1615 2832 debe·

308 2869 378 2924 rent
398 2861 509 2924 eedem
530 2868 635 2945 partes
657 2861 716 2924 sub
737 2861 802 2924 fide
823 2861 1029 2945 corporaliter
1049 2861 1179 2944 prestita
1200 2865 1352 2943 perpetuo
1375 2859 1561 2938 observare,
1583 2861 1615 2921 in

307 2952 392 3014 hirnc
429 2951 560 3014 modum
598 2951 809 3014 decreverunt
840 2952 1059 3014 statuendum:
1098 2969 1156 3012 nos
1187 2951 1338 3032 magister
1375 2949 1470 3031 Hugo
1502 2957 1616 3012 cantor

308 3047 415 3104 sancte
429 3041 531 3122 Marie
544 3041 755 3119 Emordensis,
776 3041 949 3104 Heinricns
970 3040 1212 3123 archipresbiter
1231 3039 1266 3101 in
1286 3038 1431 3118 Trahere,
1451 3038 1617 3102 Henricus

309 3129 347 3194 de
367 3129 566 3210 Libenstede,
589 3132 768 3215 prepositus
785 3130 902 3192 Montis
923 3135 1033 3210 sancte
1044 3130 1235 3212 Walpurgis,
1255 3127 1615 3210 Walthemsquondam

307 3221 461 3303 plebanus
481 3221 707 3297 in'leuestede,
728 3219 889 3282 Henricus
911 3218 1143 3301 chcldingen
1167 3218 1335 3281 statuimus
1357 3223 1389 3280 et
1409 3219 1617 3301 precipimus,

308 3317 343 3372 ut
368 3311 503 3373 ecclesia
524 3311 686 3374 Portensis
712 3309 847 3391 ecclesie
872 3309 906 3369 in
928 3308 1210 3389 Wechterswilscle
1234 3307 1274 3370 ad
1300 3315 1424 3370 sestam
1447 3307 1615 3370 dimidiam

306 3419 461 3478 marcam,
492 3419 571 3481 quas
600 3400 702 3463 eidem
730 3399 865 3478 ecclesie
895 3417 952 3480 pro
984 3403 1149 3460 contractu
1179 3406 1263 3460 XXX
1294 3415 1478 3460 mansorum
1507 3398 1617 3460 adhuc

307 3489 430 3552 solvere
453 3495 591 3568 tenetur,
613 3494 735 3552 tantum
757 3487 880 3565 addatss,
906 3493 942 3549 ut
963 3487 1073 3550 decem
1094 3507 1200 3550 marce
1220 3487 1302 3548 liant
1322 3487 1445 3570 argenti
1465 3488 1618 3570 proxima

307 3579 357 3642 die
383 3587 455 3662 post
484 3580 601 3642 festum
629 3577 804 3640 nativitatis
829 3583 939 3658 sancte
968 3576 1071 3659 Marie
1098 3577 1131 3639 in
1160 3575 1339 3638 Emordiam
1369 3577 1618 3658 presentandel,

308 3675 369 3730 tam
398 3669 453 3732 diu
479 3668 518 3730 ab
547 3668 682 3732 eeclesia
710 3669 743 3729 in
763 3667 1044 3730 Wechterswikele
1065 3685 1130 3728 non
1151 3663 1354 3748 recipiende¹,
1377 3665 1479 3727 donec
1501 3665 1617 3728 Sibotn

308 3758 461 3841 plebanus
491 3759 524 3819 in
552 3758 729 3837 Tencteris,
760 3758 921 3839 quondam
952 3757 1131 3840 prepositus
1167 3757 1200 3819 in
1231 3755 1526 3831 Weehterswikelc,
1564 3756 1617 3818 rel

307 3847 563 3910 sanctimoniales
588 3852 762 3927 rnernorate
786 3846 921 3927 ecclesie
948 3847 1104 3923 efficiant,
1135 3853 1171 3908 ut
1195 3846 1254 3908 filii
1282 3847 1348 3909 siro
1375 3845 1509 3908 heredes
1542 3865 1619 3928 pre·
1696 3859 1697 3884 ³

307 3936 461 3998 nominati
490 3937 557 4016 Thi,
590 3937 644 4018 qui
675 3935 816 4018 possidet
844 3936 924 3999 duos
954 3955 1083 3998 niarrsos
1114 3936 1146 3997 in
1174 3935 1390 3998 Sasscuhuscn
1419 3941 1619 4018 prenotatis,

308 4031 531 4109 postmortem
554 4027 623 4089 cius
645 4024 741 4088 nichil
764 4025 841 4087 iuris
861 4026 920 4088 sibi
942 4025 1065 4107 possint
1087 4043 1253 4107 usurpare,
1275 4030 1307 4088 et
1322 4025 1462 4106 reliquos
1482 4043 1620 4086 mansos

307 4116 373 4178 sive
402 4114 563 4178 absolutos
591 4116 657 4178 sive
686 4115 893 4178 hereditarios
921 4115 1084 4178 Portensis
1119 4115 1254 4178 ecclesie
1279 4115 1400 4196 absque
1428 4115 1536 4196 aliqua
1567 4116 1620 4176 in-

306 4205 464 4288 peticione
496 4205 535 4268 de
565 4212 671 4287 cetero
705 4204 874 4285 tranquille
907 4213 939 4268 et
967 4205 1074 4286 quiete
1102 4209 1255 4288 perpetuo
1283 4203 1465 4287 possidebit.
1514 4201 1623 4267 Dabit

306 4295 400 4356 etiam
427 4294 562 4357 ecclesia
587 4295 618 4355 iu
641 4292 921 4356 Wechterswiliele
949 4291 1156 4355 Portensibus
1182 4312 1277 4375 super
1300 4292 1427 4355 duobus
1452 4295 1622 4376 prenomi-

308 4385 389 4445 natis
413 4385 532 4446 mansis
562 4391 593 4446 et
619 4384 689 4445 aliis
712 4383 832 4444 rnnnsis
860 4382 1007 4464 superius
1032 4383 1095 4443 iam
1122 4383 1295 4463 pretaxatis
1320 4382 1454 4460 litteras,
1481 4382 1505 4442 si
1529 4401 1622 4462 quas

309 4473 412 4535 adbuc
431 4473 490 4534 sibi
512 4473 663 4534 duxerint
683 4473 886 4534 necessarias.
928 4471 1010 4533 Sane
1032 4477 1067 4532 ut
1088 4472 1242 4553 premissa
1263 4471 1369 4532 omnia
1389 4489 1495 4532 corum
1515 4471 1622 4550 nobis

308 4563 535 4628 rationabiliter
550 4569 677 4646 peracta
694 4561 882 4623 inconvulsa
893 4567 1105 4644 perseverent,
1126 4567 1304 4645 presentem
1317 4559 1479 4623 scedulam
1490 4559 1622 4626 exinde
