<?xml version="1.0" encoding="UTF-8"?>
<!DOCTYPE html PUBLIC "-//W3C//DTD XHTML 1.0 Transitional//EN"
    "http://www.w3.org/TR/xhtml1/DTD/xhtml1-transitional.dtd">
<html xmlns="http://www.w3.org/1999/xhtml" xml:lang="en" lang="en">
 <head>
  <title>
</title>
<meta http-equiv="Content-Type" content="text/html;charset=utf-8" />
  <meta name='ocr-system' content='tesseract 3.04.00' />
  <meta name='ocr-capabilities' content='ocr_page ocr_carea ocr_par ocr_line ocrx_word'/>
</head>
<body>
  <div class='ocr_page' id='page_1' title='image "./urkundenbuchdes00pforgoog_0495.png"; bbox 0 0 3506 5148; ppageno 0'>
   <div class='ocr_carea' id='block_1_1' title="bbox 646 398 1447 457">
    <p class='ocr_par' dir='ltr' id='par_1_1' title="bbox 646 398 1447 457">
     <span class='ocr_line' id='line_1_1' title="bbox 646 398 1447 457; baseline -0.002 -1"><span class='ocrx_word' id='word_1_1' title='bbox 646 398 696 456; x_wconf 83' lang='lat' dir='ltr'><strong>Nr.</strong></span> <span class='ocrx_word' id='word_1_2' title='bbox 707 401 854 457; x_wconf 75' lang='grc'>496--498,</span> <span class='ocrx_word' id='word_1_3' title='bbox 875 400 950 456; x_wconf 83' lang='grc'><strong>1320.</strong></span> <span class='ocrx_word' id='word_1_4' title='bbox 1397 399 1447 456; x_wconf 85' lang='grc'><strong>461</strong></span> 
     </span>
    </p>
   </div>
   <div class='ocr_carea' id='block_1_2' title="bbox 148 583 1449 686">
    <p class='ocr_par' dir='ltr' id='par_1_2' title="bbox 148 583 1449 686">
     <span class='ocr_line' id='line_1_2' title="bbox 148 583 1449 686; baseline -0.002 -18"><span class='ocrx_word' id='word_1_5' title='bbox 148 585 262 669; x_wconf 80' lang='lat'>1320.</span> <span class='ocrx_word' id='word_1_6' title='bbox 289 584 414 686; x_wconf 76' lang='lat' dir='ltr'><strong>April</strong></span> <span class='ocrx_word' id='word_1_7' title='bbox 430 585 495 666; x_wconf 75' lang='lat'><strong>24.</strong></span> <span class='ocrx_word' id='word_1_8' title='bbox 1358 583 1449 666; x_wconf 77' lang='lat'><strong>497.</strong></span> 
     </span>
    </p>
   </div>
   <div class='ocr_carea' id='block_1_3' title="bbox 84 730 1457 997">
    <p class='ocr_par' dir='ltr' id='par_1_3' title="bbox 84 730 1457 997">
     <span class='ocr_line' id='line_1_3' title="bbox 84 730 1450 796; baseline -0.001 0"><span class='ocrx_word' id='word_1_9' title='bbox 84 771 86 778; x_wconf 70' lang='lat'><em>,</em></span> <span class='ocrx_word' id='word_1_10' title='bbox 230 732 293 796; x_wconf 83' lang='lat' dir='ltr'><strong>Dic</strong></span> <span class='ocrx_word' id='word_1_11' title='bbox 313 732 443 796; x_wconf 78' lang='lat' dir='ltr'><strong>Brrider</strong></span> <span class='ocrx_word' id='word_1_12' title='bbox 468 730 534 796; x_wconf 85' lang='lat' dir='ltr'><strong>oco</strong></span> <span class='ocrx_word' id='word_1_13' title='bbox 559 731 628 794; x_wconf 74' lang='lat' dir='ltr'><strong>nard</strong></span> <span class='ocrx_word' id='word_1_14' title='bbox 649 730 802 795; x_wconf 73' lang='lat' dir='ltr'><strong>Heinrich</strong></span> <span class='ocrx_word' id='word_1_15' title='bbox 829 751 887 795; x_wconf 82' lang='lat' dir='ltr'><strong>oon</strong></span> <span class='ocrx_word' id='word_1_16' title='bbox 914 732 1061 795; x_wconf 80' lang='lat' dir='ltr'><strong>Glissnr&#39;ln</strong></span> <span class='ocrx_word' id='word_1_17' title='bbox 1086 731 1189 794; x_wconf 81' lang='lat' dir='ltr'><strong>lusson</strong></span> <span class='ocrx_word' id='word_1_18' title='bbox 1213 733 1269 796; x_wconf 83' lang='lat' dir='ltr'><strong>der</strong></span> <span class='ocrx_word' id='word_1_19' title='bbox 1291 732 1450 796; x_wconf 81' lang='lat' dir='ltr'><strong>Aebtissin</strong></span> 
     </span>
     <span class='ocr_line' id='line_1_4' title="bbox 187 821 1457 904; baseline -0.002 -16"><span class='ocrx_word' id='word_1_20' title='bbox 187 826 280 904; x_wconf 75' lang='lat' dir='ltr'><strong>Jnttn</strong></span> <span class='ocrx_word' id='word_1_21' title='bbox 300 825 335 886; x_wconf 85' lang='lat' dir='ltr'><strong>in</strong></span> <span class='ocrx_word' id='word_1_22' title='bbox 353 822 566 902; x_wconf 75' lang='lat' dir='ltr'><strong>Qnerllinbnrp</strong></span> <span class='ocrx_word' id='word_1_23' title='bbox 589 821 735 902; x_wconf 81' lang='lat' dir='ltr'><strong>3Hnsen</strong></span> <span class='ocrx_word' id='word_1_24' title='bbox 756 823 800 885; x_wconf 86' lang='lat' dir='ltr'><strong>im</strong></span> <span class='ocrx_word' id='word_1_25' title='bbox 821 822 919 886; x_wconf 86' lang='lat' dir='ltr'><strong>Felde</strong></span> <span class='ocrx_word' id='word_1_26' title='bbox 938 823 991 885; x_wconf 87' lang='lat' dir='ltr'><strong>des</strong></span> <span class='ocrx_word' id='word_1_27' title='bbox 1011 826 1129 886; x_wconf 68' lang='lat' dir='ltr'><strong>wolsten</strong></span> <span class='ocrx_word' id='word_1_28' title='bbox 1140 821 1457 904; x_wconf 75' lang='lat' dir='ltr'><strong>DorfesHobendorf</strong></span> 
     </span>
     <span class='ocr_line' id='line_1_5' title="bbox 186 911 1448 997; baseline -0.001 -19"><span class='ocrx_word' id='word_1_29' title='bbox 186 916 253 997; x_wconf 81' lang='lat' dir='ltr'><strong>nnf</strong></span> <span class='ocrx_word' id='word_1_30' title='bbox 267 915 323 978; x_wconf 84' lang='lat' dir='ltr'><strong>mit</strong></span> <span class='ocrx_word' id='word_1_31' title='bbox 344 914 399 977; x_wconf 83' lang='lat' dir='ltr'><strong>der</strong></span> <span class='ocrx_word' id='word_1_32' title='bbox 420 912 507 976; x_wconf 86' lang='lat' dir='ltr'><strong>Bittc</strong></span> <span class='ocrx_word' id='word_1_33' title='bbox 531 912 578 975; x_wconf 81' lang='lat' dir='ltr'><strong>sic</strong></span> <span class='ocrx_word' id='word_1_34' title='bbox 597 912 666 976; x_wconf 84' lang='lat' dir='ltr'><strong>dem</strong></span> <span class='ocrx_word' id='word_1_35' title='bbox 688 912 812 976; x_wconf 66' lang='lat' dir='ltr'><strong>Karsten</strong></span> <span class='ocrx_word' id='word_1_36' title='bbox 833 912 942 994; x_wconf 80' lang='lat' dir='ltr'><strong>Pforte</strong></span> <span class='ocrx_word' id='word_1_37' title='bbox 967 913 1168 992; x_wconf 69' lang='lat' dir='ltr'><strong>nuennpncn.</strong></span> <span class='ocrx_word' id='word_1_38' title='bbox 1213 913 1278 994; x_wconf 72' lang='lat' dir='ltr'><strong>Vol.</strong></span> <span class='ocrx_word' id='word_1_39' title='bbox 1301 911 1361 976; x_wconf 88' lang='lat' dir='ltr'><strong>Nr.</strong></span> <span class='ocrx_word' id='word_1_40' title='bbox 1373 916 1448 977; x_wconf 73' lang='lat'><em>498.</em></span> 
     </span>
    </p>
   </div>
   <div class='ocr_carea' id='block_1_4' title="bbox 298 1031 808 1200">
    <p class='ocr_par' dir='ltr' id='par_1_4' title="bbox 298 1031 808 1200">
     <span class='ocr_line' id='line_1_6' title="bbox 298 1031 569 1095; baseline -0.007 0"><span class='ocrx_word' id='word_1_41' title='bbox 298 1041 431 1095; x_wconf 80' lang='lat' dir='ltr'><strong>Hdsclrr.:</strong></span> <span class='ocrx_word' id='word_1_42' title='bbox 454 1031 569 1093; x_wconf 66' lang='lat' dir='ltr'><strong>Tmo</strong></span> 
     </span>
     <span class='ocr_line' id='line_1_7' title="bbox 299 1133 808 1200; baseline -0.004 -12"><span class='ocrx_word' id='word_1_43' title='bbox 299 1133 411 1188; x_wconf 70' lang='lat' dir='ltr'><strong>Druck:</strong></span> <span class='ocrx_word' id='word_1_44' title='bbox 428 1133 563 1187; x_wconf 74' lang='lat' dir='ltr'><strong>Dercisclr:</strong></span> <span class='ocrx_word' id='word_1_45' title='bbox 587 1133 672 1200; x_wconf 77' lang='lat' dir='ltr'><strong>Wolff</strong></span> <span class='ocrx_word' id='word_1_46' title='bbox 685 1133 730 1200; x_wconf 87' lang='lat' dir='ltr'><strong>II,</strong></span> <span class='ocrx_word' id='word_1_47' title='bbox 748 1137 808 1188; x_wconf 79' lang='lat'><strong><em>392.</em></strong></span> 
     </span>
    </p>
   </div>
   <div class='ocr_carea' id='block_1_5' title="bbox 144 1262 1451 2158">
    <p class='ocr_par' dir='ltr' id='par_1_5' title="bbox 144 1262 1451 2158">
     <span class='ocr_line' id='line_1_8' title="bbox 227 1262 1449 1352; baseline 0.003 -24"><span class='ocrx_word' id='word_1_48' title='bbox 227 1264 410 1328; x_wconf 84' lang='lat' dir='ltr'><strong>Reverendo</strong></span> <span class='ocrx_word' id='word_1_49' title='bbox 439 1264 472 1325; x_wconf 92' lang='lat' dir='ltr'><strong>in</strong></span> <span class='ocrx_word' id='word_1_50' title='bbox 507 1262 629 1326; x_wconf 87' lang='lat' dir='ltr'><strong>Christo</strong></span> <span class='ocrx_word' id='word_1_51' title='bbox 659 1263 787 1326; x_wconf 74' lang='lat' dir='ltr'><strong>donnino</strong></span> <span class='ocrx_word' id='word_1_52' title='bbox 817 1263 899 1328; x_wconf 89' lang='lat' dir='ltr'><strong>Iutte</strong></span> <span class='ocrx_word' id='word_1_53' title='bbox 935 1264 1093 1330; x_wconf 83' lang='lat' dir='ltr'>abbatisse</span> <span class='ocrx_word' id='word_1_54' title='bbox 1128 1269 1161 1329; x_wconf 92' lang='lat' dir='ltr'><strong>in</strong></span> <span class='ocrx_word' id='word_1_55' title='bbox 1194 1267 1449 1352; x_wconf 78' lang='lat' dir='ltr'><strong>eredliugoborg</strong></span> 
     </span>
     <span class='ocr_line' id='line_1_9' title="bbox 147 1353 1448 1422; baseline 0.001 -1"><span class='ocrx_word' id='word_1_56' title='bbox 147 1357 220 1421; x_wconf 88' lang='lat' dir='ltr'><strong>Otto</strong></span> <span class='ocrx_word' id='word_1_57' title='bbox 247 1363 278 1420; x_wconf 90' lang='lat' dir='ltr'><strong>et</strong></span> <span class='ocrx_word' id='word_1_58' title='bbox 303 1353 475 1419; x_wconf 87' lang='lat' dir='ltr'><strong>Helorions</strong></span> <span class='ocrx_word' id='word_1_59' title='bbox 501 1355 612 1417; x_wconf 85' lang='lat' dir='ltr'><strong>iratres</strong></span> <span class='ocrx_word' id='word_1_60' title='bbox 640 1354 713 1416; x_wconf 87' lang='lat' dir='ltr'><strong>dieti</strong></span> <span class='ocrx_word' id='word_1_61' title='bbox 742 1355 780 1417; x_wconf 92' lang='lat' dir='ltr'><strong>de</strong></span> <span class='ocrx_word' id='word_1_62' title='bbox 802 1356 963 1418; x_wconf 80' lang='lat' dir='ltr'><strong>Gosteuitz</strong></span> <span class='ocrx_word' id='word_1_63' title='bbox 995 1356 1099 1422; x_wconf 90' lang='lat' dir='ltr'><strong>debite</strong></span> <span class='ocrx_word' id='word_1_64' title='bbox 1126 1358 1284 1422; x_wconf 88' lang='lat' dir='ltr'><strong>fidelitatis</strong></span> <span class='ocrx_word' id='word_1_65' title='bbox 1302 1364 1448 1422; x_wconf 86' lang='lat' dir='ltr'><strong>constan-</strong></span> 
     </span>
     <span class='ocr_line' id='line_1_10' title="bbox 147 1445 1449 1533; baseline 0.002 -23"><span class='ocrx_word' id='word_1_66' title='bbox 147 1450 228 1510; x_wconf 85' lang='lat' dir='ltr'><strong>ciam</strong></span> <span class='ocrx_word' id='word_1_67' title='bbox 258 1453 289 1510; x_wconf 91' lang='lat' dir='ltr'><strong>et</strong></span> <span class='ocrx_word' id='word_1_68' title='bbox 314 1445 592 1530; x_wconf 82' lang='lat' dir='ltr'>promptitudinem</span> <span class='ocrx_word' id='word_1_69' title='bbox 622 1445 803 1510; x_wconf 81' lang='lat' dir='ltr'>famulatus.</span> <span class='ocrx_word' id='word_1_70' title='bbox 843 1445 919 1510; x_wconf 83' lang='lat' dir='ltr'><strong>Tros</strong></span> <span class='ocrx_word' id='word_1_71' title='bbox 940 1467 1069 1512; x_wconf 88' lang='lat' dir='ltr'><strong>mansos</strong></span> <span class='ocrx_word' id='word_1_72' title='bbox 1090 1449 1167 1512; x_wconf 92' lang='lat' dir='ltr'><strong>sitos</strong></span> <span class='ocrx_word' id='word_1_73' title='bbox 1187 1451 1220 1511; x_wconf 93' lang='lat' dir='ltr'><strong>iu</strong></span> <span class='ocrx_word' id='word_1_74' title='bbox 1243 1469 1353 1533; x_wconf 91' lang='lat' dir='ltr'><strong>campo</strong></span> <span class='ocrx_word' id='word_1_75' title='bbox 1376 1451 1449 1514; x_wconf 88' lang='lat' dir='ltr'><strong>ville</strong></span> 
     </span>
     <span class='ocr_line' id='line_1_11' title="bbox 147 1535 1450 1620; baseline 0.002 -18"><span class='ocrx_word' id='word_1_76' title='bbox 147 1537 311 1615; x_wconf 73' lang='lat' dir='ltr'><strong>Houdorffi</strong></span> <span class='ocrx_word' id='word_1_77' title='bbox 332 1555 394 1619; x_wconf 84' lang='lat' dir='ltr'><strong>que</strong></span> <span class='ocrx_word' id='word_1_78' title='bbox 416 1535 538 1598; x_wconf 78' lang='lat' dir='ltr'><strong>deserte</strong></span> <span class='ocrx_word' id='word_1_79' title='bbox 559 1541 614 1614; x_wconf 72' lang='lat' dir='ltr'><strong>est</strong></span> <span class='ocrx_word' id='word_1_80' title='bbox 636 1555 717 1617; x_wconf 91' lang='lat' dir='ltr'><strong>quos</strong></span> <span class='ocrx_word' id='word_1_81' title='bbox 737 1557 756 1598; x_wconf 86' lang='lat' dir='ltr'><strong>a</strong></span> <span class='ocrx_word' id='word_1_82' title='bbox 777 1536 867 1600; x_wconf 85' lang='lat' dir='ltr'><strong>vobis</strong></span> <span class='ocrx_word' id='word_1_83' title='bbox 890 1538 922 1598; x_wconf 91' lang='lat' dir='ltr'><strong>in</strong></span> <span class='ocrx_word' id='word_1_84' title='bbox 944 1537 1039 1600; x_wconf 91' lang='lat' dir='ltr'><strong>feudo</strong></span> <span class='ocrx_word' id='word_1_85' title='bbox 1061 1540 1160 1602; x_wconf 84' lang='lat' dir='ltr'>nostri</span> <span class='ocrx_word' id='word_1_86' title='bbox 1182 1542 1397 1620; x_wconf 76' lang='lat' dir='ltr'><strong>progenitores</strong></span> <span class='ocrx_word' id='word_1_87' title='bbox 1419 1547 1450 1604; x_wconf 88' lang='lat' dir='ltr'><strong>et</strong></span> 
     </span>
     <span class='ocr_line' id='line_1_12' title="bbox 145 1624 1450 1711; baseline 0.002 -19"><span class='ocrx_word' id='word_1_88' title='bbox 145 1649 205 1692; x_wconf 90' lang='lat' dir='ltr'><strong>nos</strong></span> <span class='ocrx_word' id='word_1_89' title='bbox 226 1629 377 1690; x_wconf 87' lang='lat' dir='ltr'><strong>hactonus</strong></span> <span class='ocrx_word' id='word_1_90' title='bbox 400 1624 601 1704; x_wconf 78' lang='lat' dir='ltr'><strong>habuimos²,</strong></span> <span class='ocrx_word' id='word_1_91' title='bbox 627 1626 665 1687; x_wconf 90' lang='lat' dir='ltr'><strong>ad</strong></span> <span class='ocrx_word' id='word_1_92' title='bbox 699 1645 812 1689; x_wconf 84' lang='lat' dir='ltr'><strong>manus</strong></span> <span class='ocrx_word' id='word_1_93' title='bbox 834 1631 954 1690; x_wconf 88' lang='lat' dir='ltr'><strong>vestras</strong></span> <span class='ocrx_word' id='word_1_94' title='bbox 977 1628 1176 1710; x_wconf 80' lang='lat' dir='ltr'><strong>presentibus</strong></span> <span class='ocrx_word' id='word_1_95' title='bbox 1196 1630 1293 1693; x_wconf 88' lang='lat' dir='ltr'><strong>libere</strong></span> <span class='ocrx_word' id='word_1_96' title='bbox 1311 1632 1450 1711; x_wconf 88' lang='lat' dir='ltr'><strong>resigna·</strong></span> 
     </span>
     <span class='ocr_line' id='line_1_13' title="bbox 146 1714 1449 1802; baseline 0.002 -20"><span class='ocrx_word' id='word_1_97' title='bbox 146 1740 229 1797; x_wconf 75' lang='lat' dir='ltr'><strong>mus,</strong></span> <span class='ocrx_word' id='word_1_98' title='bbox 260 1717 524 1780; x_wconf 70' lang='lat' dir='ltr'><strong>abrenunciantes</strong></span> <span class='ocrx_word' id='word_1_99' title='bbox 545 1715 694 1778; x_wconf 90' lang='lat' dir='ltr'><strong>omnibus</strong></span> <span class='ocrx_word' id='word_1_100' title='bbox 721 1714 858 1794; x_wconf 83' lang='lat' dir='ltr'><strong>iuribus,</strong></span> <span class='ocrx_word' id='word_1_101' title='bbox 889 1717 1002 1781; x_wconf 88' lang='lat' dir='ltr'><strong>usibus</strong></span> <span class='ocrx_word' id='word_1_102' title='bbox 1029 1723 1060 1781; x_wconf 92' lang='lat' dir='ltr'><strong>et</strong></span> <span class='ocrx_word' id='word_1_103' title='bbox 1080 1719 1283 1798; x_wconf 69' lang='lat' dir='ltr'><strong>utilitatibus,</strong></span> <span class='ocrx_word' id='word_1_104' title='bbox 1312 1741 1374 1802; x_wconf 76' lang='lat' dir='ltr'><strong>niro</strong></span> <span class='ocrx_word' id='word_1_105' title='bbox 1396 1722 1449 1784; x_wconf 88' lang='lat' dir='ltr'><strong>ha-</strong></span> 
     </span>
     <span class='ocr_line' id='line_1_14' title="bbox 147 1806 1449 1889; baseline 0 -17"><span class='ocrx_word' id='word_1_106' title='bbox 147 1811 278 1872; x_wconf 91' lang='lat' dir='ltr'><strong>buimus</strong></span> <span class='ocrx_word' id='word_1_107' title='bbox 297 1809 450 1870; x_wconf 86' lang='lat' dir='ltr'><strong>hactenus</strong></span> <span class='ocrx_word' id='word_1_108' title='bbox 471 1807 502 1868; x_wconf 94' lang='lat' dir='ltr'><strong>iu</strong></span> <span class='ocrx_word' id='word_1_109' title='bbox 527 1806 654 1884; x_wconf 80' lang='lat' dir='ltr'><strong>eisdem,</strong></span> <span class='ocrx_word' id='word_1_110' title='bbox 675 1811 829 1888; x_wconf 82' lang='lat' dir='ltr'><strong>rogantes,</strong></span> <span class='ocrx_word' id='word_1_111' title='bbox 851 1810 1003 1889; x_wconf 77' lang='lat' dir='ltr'><strong>qrratinus</strong></span> <span class='ocrx_word' id='word_1_112' title='bbox 1023 1809 1148 1872; x_wconf 87' lang='lat' dir='ltr'><strong>eosdem</strong></span> <span class='ocrx_word' id='word_1_113' title='bbox 1166 1831 1293 1874; x_wconf 87' lang='lat' dir='ltr'><strong>mansos</strong></span> <span class='ocrx_word' id='word_1_114' title='bbox 1305 1811 1449 1874; x_wconf 88' lang='lat' dir='ltr'><strong>Portensi</strong></span> 
     </span>
     <span class='ocr_line' id='line_1_15' title="bbox 145 1897 1448 1984; baseline 0.002 -22"><span class='ocrx_word' id='word_1_115' title='bbox 145 1901 277 1963; x_wconf 76' lang='lat' dir='ltr'><strong>ecclesie</strong></span> <span class='ocrx_word' id='word_1_116' title='bbox 298 1898 497 1982; x_wconf 88' lang='lat' dir='ltr'><strong>appropriare</strong></span> <span class='ocrx_word' id='word_1_117' title='bbox 519 1897 692 1974; x_wconf 70' lang='lat' dir='ltr'><strong>dignemini</strong></span> <span class='ocrx_word' id='word_1_118' title='bbox 709 1903 836 1979; x_wconf 87' lang='lat' dir='ltr'><strong>propter</strong></span> <span class='ocrx_word' id='word_1_119' title='bbox 853 1899 956 1962; x_wconf 79' lang='lat' dir='ltr'><strong>deuna</strong></span> <span class='ocrx_word' id='word_1_120' title='bbox 985 1899 1026 1962; x_wconf 75' lang='lat' dir='ltr'><strong>III</strong></span> <span class='ocrx_word' id='word_1_121' title='bbox 1040 1901 1116 1982; x_wconf 89' lang='lat' dir='ltr'><strong>quia</strong></span> <span class='ocrx_word' id='word_1_122' title='bbox 1130 1900 1269 1980; x_wconf 85' lang='lat' dir='ltr'><strong>sigillum</strong></span> <span class='ocrx_word' id='word_1_123' title='bbox 1287 1902 1448 1984; x_wconf 90' lang='lat' dir='ltr'><strong>proprium</strong></span> 
     </span>
     <span class='ocr_line' id='line_1_16' title="bbox 146 1987 1451 2072; baseline 0 -18"><span class='ocrx_word' id='word_1_124' title='bbox 146 2011 213 2054; x_wconf 89' lang='lat' dir='ltr'><strong>nou</strong></span> <span class='ocrx_word' id='word_1_125' title='bbox 235 1989 396 2065; x_wconf 80' lang='lat' dir='ltr'><strong>habemus,</strong></span> <span class='ocrx_word' id='word_1_126' title='bbox 418 1987 521 2070; x_wconf 85' lang='lat' dir='ltr'><strong>sigillo</strong></span> <span class='ocrx_word' id='word_1_127' title='bbox 543 1987 693 2050; x_wconf 84' lang='lat' dir='ltr'><strong>Friderici</strong></span> <span class='ocrx_word' id='word_1_128' title='bbox 713 1995 744 2050; x_wconf 92' lang='lat' dir='ltr'><strong>et</strong></span> <span class='ocrx_word' id='word_1_129' title='bbox 764 1988 885 2052; x_wconf 88' lang='lat' dir='ltr'><strong>Nicolai</strong></span> <span class='ocrx_word' id='word_1_130' title='bbox 906 1989 944 2052; x_wconf 89' lang='lat' dir='ltr'><strong>de</strong></span> <span class='ocrx_word' id='word_1_131' title='bbox 960 1989 1155 2072; x_wconf 78' lang='lat' dir='ltr'><strong>Balgesteteb</strong></span> <span class='ocrx_word' id='word_1_132' title='bbox 1177 1990 1375 2070; x_wconf 79' lang='lat' dir='ltr'><strong>presentibus</strong></span> <span class='ocrx_word' id='word_1_133' title='bbox 1400 1993 1451 2055; x_wconf 92' lang='lat' dir='ltr'><strong>usi</strong></span> 
     </span>
     <span class='ocr_line' id='line_1_17' title="bbox 144 2078 1258 2158; baseline 0 -13"><span class='ocrx_word' id='word_1_134' title='bbox 144 2101 268 2145; x_wconf 87' lang='lat' dir='ltr'><strong>sumus</strong></span> <span class='ocrx_word' id='word_1_135' title='bbox 310 2078 427 2142; x_wconf 87' lang='lat' dir='ltr'><strong>Datum</strong></span> <span class='ocrx_word' id='word_1_136' title='bbox 449 2099 533 2141; x_wconf 90' lang='lat' dir='ltr'><strong>auno</strong></span> <span class='ocrx_word' id='word_1_137' title='bbox 556 2078 675 2141; x_wconf 91' lang='lat' dir='ltr'><strong>domiui</strong></span> <span class='ocrx_word' id='word_1_138' title='bbox 696 2088 896 2158; x_wconf 65' lang='lat' dir='ltr'><strong>meceres,</strong></span> <span class='ocrx_word' id='word_1_139' title='bbox 916 2091 981 2144; x_wconf 85' lang='lat' dir='ltr'>VIII</span> <span class='ocrx_word' id='word_1_140' title='bbox 1003 2081 1152 2144; x_wconf 84' lang='lat' dir='ltr'><strong>kalendas</strong></span> <span class='ocrx_word' id='word_1_141' title='bbox 1175 2079 1258 2145; x_wconf 86' lang='lat' dir='ltr'><strong>Maii.</strong></span> 
     </span>
    </p>
   </div>
   <div class='ocr_carea' id='block_1_6' title="bbox 141 2211 1450 2353">
    <p class='ocr_par' dir='ltr' id='par_1_6' title="bbox 141 2211 1450 2353">
     <span class='ocr_line' id='line_1_18' title="bbox 216 2211 1450 2276; baseline 0.003 -4"><span class='ocrx_word' id='word_1_142' title='bbox 216 2217 272 2272; x_wconf 68' lang='lat' dir='ltr'><strong>&#39;in</strong></span> <span class='ocrx_word' id='word_1_143' title='bbox 293 2217 376 2272; x_wconf 84' lang='lat' dir='ltr'><strong>feudo</strong></span> <span class='ocrx_word' id='word_1_144' title='bbox 403 2218 453 2271; x_wconf 80' lang='lat' dir='ltr'><strong>nsit</strong></span> <span class='ocrx_word' id='word_1_145' title='bbox 471 2218 597 2272; x_wconf 84' lang='lat' dir='ltr'><strong>Pnnlcten</strong></span> <span class='ocrx_word' id='word_1_146' title='bbox 619 2211 750 2272; x_wconf 77' lang='lat' dir='ltr'><strong>donanter</strong></span> <span class='ocrx_word' id='word_1_147' title='bbox 772 2219 831 2273; x_wconf 68' lang='lat' dir='ltr'><strong>nied</strong></span> <span class='ocrx_word' id='word_1_148' title='bbox 854 2219 971 2274; x_wconf 77' lang='lat' dir='ltr'><strong>derdber</strong></span> <span class='ocrx_word' id='word_1_149' title='bbox 1075 2212 1225 2275; x_wconf 68' lang='lat' dir='ltr'><strong>l&#39;fratrum</strong></span> <span class='ocrx_word' id='word_1_150' title='bbox 1249 2221 1299 2276; x_wconf 83' lang='lat' dir='ltr'><strong>mit</strong></span> <span class='ocrx_word' id='word_1_151' title='bbox 1323 2221 1450 2276; x_wconf 70' lang='lat' dir='ltr'><strong>Pnnbnn</strong></span> 
     </span>
     <span class='ocr_line' id='line_1_19' title="bbox 141 2297 911 2353; baseline -0.012 0"><span class='ocrx_word' id='word_1_152' title='bbox 141 2299 277 2353; x_wconf 75' lang='lat' dir='ltr'><strong>durantes</strong></span> <span class='ocrx_word' id='word_1_153' title='bbox 294 2298 353 2352; x_wconf 79' lang='lat' dir='ltr'><strong>und</strong></span> <span class='ocrx_word' id='word_1_154' title='bbox 370 2297 486 2352; x_wconf 70' lang='lat' dir='ltr'><strong>darcon</strong></span> <span class='ocrx_word' id='word_1_155' title='bbox 908 2337 911 2344; x_wconf 87' lang='lat'><strong>.</strong></span> 
     </span>
    </p>
   </div>
   <div class='ocr_carea' id='block_1_7' title="bbox 676 2409 923 2418">
    <p class='ocr_par' dir='ltr' id='par_1_7' title="bbox 676 2409 923 2418">
     <span class='ocr_line' id='line_1_20' title="bbox 676 2409 923 2418; baseline 0.004 -3"><span class='ocrx_word' id='word_1_156' title='bbox 676 2409 923 2418; x_wconf 53' lang='grc' dir='ltr'><strong>-Μ</strong></span> 
     </span>
    </p>
   </div>
   <div class='ocr_carea' id='block_1_8' title="bbox 143 2465 1450 2566">
    <p class='ocr_par' dir='ltr' id='par_1_8' title="bbox 143 2465 1450 2566">
     <span class='ocr_line' id='line_1_21' title="bbox 143 2465 1450 2566; baseline 0.002 -18"><span class='ocrx_word' id='word_1_157' title='bbox 143 2467 261 2548; x_wconf 78' lang='lat' dir='ltr'><strong>lsao.</strong></span> <span class='ocrx_word' id='word_1_158' title='bbox 291 2465 414 2566; x_wconf 81' lang='lat' dir='ltr'><strong>April</strong></span> <span class='ocrx_word' id='word_1_159' title='bbox 432 2466 496 2546; x_wconf 77' lang='lat'><strong>24.</strong></span> <span class='ocrx_word' id='word_1_160' title='bbox 1356 2470 1450 2550; x_wconf 81' lang='lat'><strong>498.</strong></span> 
     </span>
    </p>
   </div>
   <div class='ocr_carea' id='block_1_9' title="bbox 188 2611 1458 3054">
    <p class='ocr_par' dir='ltr' id='par_1_9' title="bbox 188 2611 1458 3054">
     <span class='ocr_line' id='line_1_22' title="bbox 228 2611 1454 2688; baseline 0.003 -14"><span class='ocrx_word' id='word_1_161' title='bbox 228 2611 291 2674; x_wconf 88' lang='lat' dir='ltr'><strong>Die</strong></span> <span class='ocrx_word' id='word_1_162' title='bbox 315 2611 446 2675; x_wconf 70' lang='lat' dir='ltr'><strong>Brildcr</strong></span> <span class='ocrx_word' id='word_1_163' title='bbox 477 2611 544 2675; x_wconf 85' lang='lat' dir='ltr'><strong>Otto</strong></span> <span class='ocrx_word' id='word_1_164' title='bbox 565 2612 635 2674; x_wconf 82' lang='lat' dir='ltr'><strong>und</strong></span> <span class='ocrx_word' id='word_1_165' title='bbox 656 2611 809 2674; x_wconf 77' lang='lat' dir='ltr'><strong>Heinrich</strong></span> <span class='ocrx_word' id='word_1_166' title='bbox 837 2631 896 2674; x_wconf 83' lang='lat' dir='ltr'><strong>oon</strong></span> <span class='ocrx_word' id='word_1_167' title='bbox 926 2613 1072 2676; x_wconf 76' lang='lat' dir='ltr'><strong>Gdssrrite</strong></span> <span class='ocrx_word' id='word_1_168' title='bbox 1098 2613 1274 2688; x_wconf 76' lang='lat' dir='ltr'><strong>bebundm,</strong></span> <span class='ocrx_word' id='word_1_169' title='bbox 1305 2616 1380 2676; x_wconf 81' lang='lat' dir='ltr'><strong>dass</strong></span> <span class='ocrx_word' id='word_1_170' title='bbox 1408 2617 1454 2680; x_wconf 86' lang='lat' dir='ltr'><strong>sie</strong></span> 
     </span>
     <span class='ocr_line' id='line_1_23' title="bbox 189 2701 1453 2782; baseline 0.002 -16"><span class='ocrx_word' id='word_1_171' title='bbox 189 2710 210 2766; x_wconf 80' lang='lat'><strong><em>3</em></strong></span> <span class='ocrx_word' id='word_1_172' title='bbox 231 2702 405 2782; x_wconf 78' lang='lat' dir='ltr'><strong>ancn&#39;r&#39;n</strong></span> <span class='ocrx_word' id='word_1_173' title='bbox 430 2703 499 2764; x_wconf 84' lang='lat' dir='ltr'><strong>dem</strong></span> <span class='ocrx_word' id='word_1_174' title='bbox 520 2705 637 2766; x_wconf 79' lang='lat' dir='ltr'><strong>wileton</strong></span> <span class='ocrx_word' id='word_1_175' title='bbox 660 2701 760 2780; x_wconf 81' lang='lat' dir='ltr'><strong>Dorfe</strong></span> <span class='ocrx_word' id='word_1_176' title='bbox 775 2701 972 2781; x_wconf 63' lang='lat' dir='ltr'><strong>&#39;Hohcndorfi</strong></span> <span class='ocrx_word' id='word_1_177' title='bbox 1001 2703 1052 2765; x_wconf 82' lang='lat' dir='ltr'><strong>dic</strong></span> <span class='ocrx_word' id='word_1_178' title='bbox 1071 2703 1116 2765; x_wconf 79' lang='lat' dir='ltr'><strong>sn&#39;c</strong></span> <span class='ocrx_word' id='word_1_179' title='bbox 1137 2725 1193 2766; x_wconf 87' lang='lat' dir='ltr'><strong>oon</strong></span> <span class='ocrx_word' id='word_1_180' title='bbox 1217 2705 1272 2766; x_wconf 85' lang='lat' dir='ltr'><strong>der</strong></span> <span class='ocrx_word' id='word_1_181' title='bbox 1292 2705 1453 2768; x_wconf 80' lang='lat' dir='ltr'><strong>Aebtisse&#39;n</strong></span> 
     </span>
     <span class='ocr_line' id='line_1_24' title="bbox 190 2792 1452 2873; baseline 0.002 -19"><span class='ocrx_word' id='word_1_182' title='bbox 190 2794 224 2854; x_wconf 84' lang='lat' dir='ltr'><strong>in</strong></span> <span class='ocrx_word' id='word_1_183' title='bbox 258 2792 471 2872; x_wconf 78' lang='lat' dir='ltr'><strong>Qrcccllinbnrg</strong></span> <span class='ocrx_word' id='word_1_184' title='bbox 503 2812 544 2856; x_wconf 81' lang='lat' dir='ltr'><strong>en</strong></span> <span class='ocrx_word' id='word_1_185' title='bbox 577 2793 680 2854; x_wconf 79' lang='lat' dir='ltr'><strong>Lelrcn</strong></span> <span class='ocrx_word' id='word_1_186' title='bbox 711 2793 834 2868; x_wconf 79' lang='lat' dir='ltr'><strong>pedobt,</strong></span> <span class='ocrx_word' id='word_1_187' title='bbox 867 2792 1024 2856; x_wconf 69' lang='lat' dir='ltr'><strong>desselben</strong></span> <span class='ocrx_word' id='word_1_188' title='bbox 1055 2792 1252 2873; x_wconf 79' lang='lat' dir='ltr'><strong>anfpclcsscn</strong></span> <span class='ocrx_word' id='word_1_189' title='bbox 1285 2795 1355 2856; x_wconf 82' lang='lat' dir='ltr'><strong>und</strong></span> <span class='ocrx_word' id='word_1_190' title='bbox 1385 2797 1452 2857; x_wconf 80' lang='lat' dir='ltr'><strong>dene</strong></span> 
     </span>
     <span class='ocr_line' id='line_1_25' title="bbox 188 2881 1458 2964; baseline 0.001 -19"><span class='ocrx_word' id='word_1_191' title='bbox 188 2881 315 2946; x_wconf 73' lang='lat' dir='ltr'><strong>Kbrster</strong></span> <span class='ocrx_word' id='word_1_192' title='bbox 338 2881 444 2963; x_wconf 83' lang='lat' dir='ltr'><strong>Psorte</strong></span> <span class='ocrx_word' id='word_1_193' title='bbox 464 2882 620 2962; x_wconf 72' lang='lat' dir='ltr'><strong>endensi,</strong></span> <span class='ocrx_word' id='word_1_194' title='bbox 641 2883 722 2945; x_wconf 76' lang='lat' dir='ltr'><strong>oncle</strong></span> <span class='ocrx_word' id='word_1_195' title='bbox 742 2882 892 2946; x_wconf 77' lang='lat' dir='ltr'><strong>letetercm</strong></span> <span class='ocrx_word' id='word_1_196' title='bbox 911 2883 1082 2962; x_wconf 74' lang='lat' dir='ltr'><strong>pepereribcr</strong></span> <span class='ocrx_word' id='word_1_197' title='bbox 1102 2883 1169 2946; x_wconf 81' lang='lat' dir='ltr'><strong>ibrc</strong></span> <span class='ocrx_word' id='word_1_198' title='bbox 1190 2884 1376 2964; x_wconf 77' lang='lat' dir='ltr'><strong>Arasprilclrc</strong></span> <span class='ocrx_word' id='word_1_199' title='bbox 1392 2886 1458 2964; x_wconf 68' lang='lat' dir='ltr'><strong>ans</strong></span> 
     </span>
     <span class='ocr_line' id='line_1_26' title="bbox 189 2971 1257 3054; baseline 0.001 -18"><span class='ocrx_word' id='word_1_200' title='bbox 189 2977 252 3054; x_wconf 53' lang='grc'><strong>11],</strong></span> <span class='ocrx_word' id='word_1_201' title='bbox 274 2972 386 3054; x_wconf 76' lang='lat' dir='ltr'><strong>anen</strong></span> <span class='ocrx_word' id='word_1_202' title='bbox 407 2972 443 3035; x_wconf 84' lang='lat' dir='ltr'><strong>in</strong></span> <span class='ocrx_word' id='word_1_203' title='bbox 468 2971 630 3053; x_wconf 76' lang='lat' dir='ltr'><strong>Tuupwitn</strong></span> <span class='ocrx_word' id='word_1_204' title='bbox 652 2973 841 3053; x_wconf 75' lang='lat' dir='ltr'><strong>uefpcgebcn</strong></span> <span class='ocrx_word' id='word_1_205' title='bbox 862 2972 969 3036; x_wconf 81' lang='lat' dir='ltr'><strong>beben.</strong></span> <span class='ocrx_word' id='word_1_206' title='bbox 1020 2972 1085 3053; x_wconf 67' lang='lat' dir='ltr'><strong>Vqr.</strong></span> <span class='ocrx_word' id='word_1_207' title='bbox 1110 2973 1169 3036; x_wconf 89' lang='lat' dir='ltr'><strong>Nr.</strong></span> <span class='ocrx_word' id='word_1_208' title='bbox 1184 2977 1257 3038; x_wconf 73' lang='lat'><em>497.</em></span> 
     </span>
    </p>
   </div>
   <div class='ocr_carea' id='block_1_10' title="bbox 298 3093 1204 3261">
    <p class='ocr_par' dir='ltr' id='par_1_10' title="bbox 298 3093 1204 3261">
     <span class='ocr_line' id='line_1_27' title="bbox 298 3093 1204 3170; baseline 0.001 -17"><span class='ocrx_word' id='word_1_209' title='bbox 298 3101 433 3154; x_wconf 69' lang='lat' dir='ltr'><strong>Horcon.-</strong></span> <span class='ocrx_word' id='word_1_210' title='bbox 453 3093 563 3154; x_wconf 65' lang='lat' dir='ltr'><strong>T139l‘.</strong></span> <span class='ocrx_word' id='word_1_211' title='bbox 594 3099 621 3152; x_wconf 88' lang='lat' dir='ltr'><strong><em>D</em></strong></span> <span class='ocrx_word' id='word_1_212' title='bbox 636 3105 686 3153; x_wconf 78' lang='lat'><strong>120</strong></span> <span class='ocrx_word' id='word_1_213' title='bbox 706 3101 757 3166; x_wconf 84' lang='lat' dir='ltr'><strong>(tit.</strong></span> <span class='ocrx_word' id='word_1_214' title='bbox 770 3098 937 3167; x_wconf 79' lang='lat' dir='ltr'><strong>HoendorlD</strong></span> <span class='ocrx_word' id='word_1_215' title='bbox 958 3101 1008 3154; x_wconf 82' lang='lat' dir='ltr'><strong>mit</strong></span> <span class='ocrx_word' id='word_1_216' title='bbox 1027 3101 1204 3170; x_wconf 76' lang='lat' dir='ltr'><strong>Kdrennpen.</strong></span> 
     </span>
     <span class='ocr_line' id='line_1_28' title="bbox 299 3192 805 3261; baseline -0.002 -14"><span class='ocrx_word' id='word_1_217' title='bbox 299 3194 412 3247; x_wconf 83' lang='lat' dir='ltr'><strong>Druck:</strong></span> <span class='ocrx_word' id='word_1_218' title='bbox 430 3193 563 3247; x_wconf 65' lang='lat' dir='ltr'><strong>Daiara.-</strong></span> <span class='ocrx_word' id='word_1_219' title='bbox 587 3192 671 3261; x_wconf 81' lang='lat' dir='ltr'><strong>Wolff</strong></span> <span class='ocrx_word' id='word_1_220' title='bbox 687 3193 727 3259; x_wconf 88' lang='lat' dir='ltr'><strong>II,</strong></span> <span class='ocrx_word' id='word_1_221' title='bbox 745 3196 805 3247; x_wconf 83' lang='lat'><em>392.</em></span> 
     </span>
    </p>
   </div>
   <div class='ocr_carea' id='block_1_11' title="bbox 135 3325 1454 4668">
    <p class='ocr_par' dir='ltr' id='par_1_11' title="bbox 135 3325 1454 4668">
     <span class='ocr_line' id='line_1_29' title="bbox 229 3325 1454 3409; baseline 0.001 -19"><span class='ocrx_word' id='word_1_222' title='bbox 229 3325 294 3390; x_wconf 90' lang='lat' dir='ltr'><strong>Nos</strong></span> <span class='ocrx_word' id='word_1_223' title='bbox 321 3326 393 3390; x_wconf 87' lang='lat' dir='ltr'><strong>Otto</strong></span> <span class='ocrx_word' id='word_1_224' title='bbox 421 3333 469 3388; x_wconf 68' lang='lat' dir='ltr'><strong>et⁸</strong></span> <span class='ocrx_word' id='word_1_225' title='bbox 498 3327 669 3390; x_wconf 88' lang='lat' dir='ltr'><strong>Heinrious</strong></span> <span class='ocrx_word' id='word_1_226' title='bbox 701 3328 813 3390; x_wconf 88' lang='lat' dir='ltr'><strong>fratres</strong></span> <span class='ocrx_word' id='word_1_227' title='bbox 842 3327 915 3388; x_wconf 91' lang='lat' dir='ltr'><strong>dicti</strong></span> <span class='ocrx_word' id='word_1_228' title='bbox 946 3327 984 3389; x_wconf 89' lang='lat' dir='ltr'><strong>de</strong></span> <span class='ocrx_word' id='word_1_229' title='bbox 1006 3326 1168 3390; x_wconf 82' lang='lat' dir='ltr'><strong>Gostenitn</strong></span> <span class='ocrx_word' id='word_1_230' title='bbox 1199 3328 1454 3409; x_wconf 78' lang='lat' dir='ltr'><strong>recognoscimus</strong></span> 
     </span>
     <span class='ocr_line' id='line_1_30' title="bbox 141 3417 1451 3499; baseline 0.001 -20"><span class='ocrx_word' id='word_1_231' title='bbox 141 3435 182 3479; x_wconf 83' lang='lat' dir='ltr'><strong>ac</strong></span> <span class='ocrx_word' id='word_1_232' title='bbox 211 3423 320 3479; x_wconf 88' lang='lat' dir='ltr'><strong>tenore</strong></span> <span class='ocrx_word' id='word_1_233' title='bbox 345 3417 544 3499; x_wconf 85' lang='lat' dir='ltr'><strong>presencium</strong></span> <span class='ocrx_word' id='word_1_234' title='bbox 574 3417 699 3498; x_wconf 88' lang='lat' dir='ltr'><strong>publico</strong></span> <span class='ocrx_word' id='word_1_235' title='bbox 730 3418 926 3499; x_wconf 78' lang='lat' dir='ltr'><strong>profitemur,</strong></span> <span class='ocrx_word' id='word_1_236' title='bbox 955 3417 1039 3498; x_wconf 89' lang='lat' dir='ltr'><strong>qnod</strong></span> <span class='ocrx_word' id='word_1_237' title='bbox 1067 3422 1130 3478; x_wconf 90' lang='lat' dir='ltr'><strong>tres</strong></span> <span class='ocrx_word' id='word_1_238' title='bbox 1159 3436 1286 3480; x_wconf 88' lang='lat' dir='ltr'><strong>mansos</strong></span> <span class='ocrx_word' id='word_1_239' title='bbox 1313 3419 1389 3480; x_wconf 90' lang='lat' dir='ltr'><strong>sitos</strong></span> <span class='ocrx_word' id='word_1_240' title='bbox 1419 3421 1451 3480; x_wconf 90' lang='lat' dir='ltr'><strong>in</strong></span> 
     </span>
     <span class='ocr_line' id='line_1_31' title="bbox 141 3505 1451 3588; baseline 0.005 -23"><span class='ocrx_word' id='word_1_241' title='bbox 141 3507 223 3569; x_wconf 85' lang='lat' dir='ltr'><strong>ville</strong></span> <span class='ocrx_word' id='word_1_242' title='bbox 254 3505 414 3586; x_wconf 84' lang='lat' dir='ltr'><strong>Houdorf,</strong></span> <span class='ocrx_word' id='word_1_243' title='bbox 450 3525 512 3588; x_wconf 88' lang='lat' dir='ltr'><strong>que</strong></span> <span class='ocrx_word' id='word_1_244' title='bbox 543 3513 590 3568; x_wconf 85' lang='lat' dir='ltr'><strong>est</strong></span> <span class='ocrx_word' id='word_1_245' title='bbox 620 3508 776 3584; x_wconf 67' lang='lat' dir='ltr'><strong>desertal,</strong></span> <span class='ocrx_word' id='word_1_246' title='bbox 816 3509 897 3570; x_wconf 91' lang='lat' dir='ltr'><strong>inter</strong></span> <span class='ocrx_word' id='word_1_247' title='bbox 926 3506 1056 3570; x_wconf 88' lang='lat' dir='ltr'><strong>Dobeue</strong></span> <span class='ocrx_word' id='word_1_248' title='bbox 1086 3513 1117 3569; x_wconf 88' lang='lat' dir='ltr'><strong>et</strong></span> <span class='ocrx_word' id='word_1_249' title='bbox 1147 3506 1338 3587; x_wconf 84' lang='lat' dir='ltr'><strong>Rugehusen</strong></span> <span class='ocrx_word' id='word_1_250' title='bbox 1378 3528 1451 3571; x_wconf 89' lang='lat' dir='ltr'><strong>unm</strong></span> 
     </span>
     <span class='ocr_line' id='line_1_32' title="bbox 141 3595 1452 3678; baseline -0.001 -19"><span class='ocrx_word' id='word_1_251' title='bbox 141 3595 300 3659; x_wconf 91' lang='lat' dir='ltr'><strong>omuibus</strong></span> <span class='ocrx_word' id='word_1_252' title='bbox 328 3598 395 3660; x_wconf 89' lang='lat' dir='ltr'><strong>suis</strong></span> <span class='ocrx_word' id='word_1_253' title='bbox 424 3598 628 3678; x_wconf 89' lang='lat' dir='ltr'><strong>pertinenciis</strong></span> <span class='ocrx_word' id='word_1_254' title='bbox 655 3598 783 3660; x_wconf 90' lang='lat' dir='ltr'><strong>domino</strong></span> <span class='ocrx_word' id='word_1_255' title='bbox 804 3597 909 3660; x_wconf 84' lang='lat' dir='ltr'><strong>abbati</strong></span> <span class='ocrx_word' id='word_1_256' title='bbox 931 3602 961 3660; x_wconf 91' lang='lat' dir='ltr'><strong>et</strong></span> <span class='ocrx_word' id='word_1_257' title='bbox 982 3597 1153 3660; x_wconf 86' lang='lat' dir='ltr'><strong>conventui</strong></span> <span class='ocrx_word' id='word_1_258' title='bbox 1174 3597 1206 3658; x_wconf 92' lang='lat' dir='ltr'><strong>in</strong></span> <span class='ocrx_word' id='word_1_259' title='bbox 1229 3596 1323 3659; x_wconf 82' lang='lat' dir='ltr'><strong>Porta</strong></span> <span class='ocrx_word' id='word_1_260' title='bbox 1347 3597 1452 3660; x_wconf 90' lang='lat' dir='ltr'><strong>vendi-</strong></span> 
     </span>
     <span class='ocr_line' id='line_1_33' title="bbox 141 3685 1453 3767; baseline 0.002 -19"><span class='ocrx_word' id='word_1_261' title='bbox 141 3687 269 3760; x_wconf 80' lang='lat' dir='ltr'><strong>dimus,</strong></span> <span class='ocrx_word' id='word_1_262' title='bbox 298 3705 379 3767; x_wconf 85' lang='lat' dir='ltr'><strong>quos</strong></span> <span class='ocrx_word' id='word_1_263' title='bbox 408 3685 539 3749; x_wconf 88' lang='lat' dir='ltr'><strong>anobis</strong></span> <span class='ocrx_word' id='word_1_264' title='bbox 558 3688 591 3749; x_wconf 92' lang='lat' dir='ltr'><strong>in</strong></span> <span class='ocrx_word' id='word_1_265' title='bbox 615 3686 708 3749; x_wconf 86' lang='lat' dir='ltr'><strong>teudo</strong></span> <span class='ocrx_word' id='word_1_266' title='bbox 730 3687 910 3750; x_wconf 88' lang='lat' dir='ltr'><strong>habueruut</strong></span> <span class='ocrx_word' id='word_1_267' title='bbox 934 3686 1099 3750; x_wconf 88' lang='lat' dir='ltr'><strong>Bortoldus</strong></span> <span class='ocrx_word' id='word_1_268' title='bbox 1120 3686 1225 3749; x_wconf 89' lang='lat' dir='ltr'><strong>dictus</strong></span> <span class='ocrx_word' id='word_1_269' title='bbox 1247 3686 1352 3750; x_wconf 85' lang='lat' dir='ltr'><strong>Phaffe</strong></span> <span class='ocrx_word' id='word_1_270' title='bbox 1374 3688 1453 3750; x_wconf 90' lang='lat' dir='ltr'><strong>duos</strong></span> 
     </span>
     <span class='ocr_line' id='line_1_34' title="bbox 141 3773 1453 3860; baseline 0.002 -22"><span class='ocrx_word' id='word_1_271' title='bbox 141 3794 295 3853; x_wconf 85' lang='lat' dir='ltr'><strong>mansos,</strong></span> <span class='ocrx_word' id='word_1_272' title='bbox 324 3773 488 3838; x_wconf 85' lang='lat' dir='ltr'><strong>Conradus</strong></span> <span class='ocrx_word' id='word_1_273' title='bbox 515 3775 552 3839; x_wconf 91' lang='lat' dir='ltr'><strong>de</strong></span> <span class='ocrx_word' id='word_1_274' title='bbox 583 3776 807 3840; x_wconf 84' lang='lat' dir='ltr'><strong>Golamestorff</strong></span> <span class='ocrx_word' id='word_1_275' title='bbox 831 3777 1011 3854; x_wconf 80' lang='lat' dir='ltr'><strong>dimidium,</strong></span> <span class='ocrx_word' id='word_1_276' title='bbox 1043 3776 1114 3839; x_wconf 88' lang='lat' dir='ltr'><strong>Otto</strong></span> <span class='ocrx_word' id='word_1_277' title='bbox 1146 3777 1250 3839; x_wconf 90' lang='lat' dir='ltr'><strong>dictus</strong></span> <span class='ocrx_word' id='word_1_278' title='bbox 1277 3777 1315 3840; x_wconf 89' lang='lat' dir='ltr'><strong>de</strong></span> <span class='ocrx_word' id='word_1_279' title='bbox 1343 3777 1453 3860; x_wconf 85' lang='lat' dir='ltr'><strong>Schips</strong></span> 
     </span>
     <span class='ocr_line' id='line_1_35' title="bbox 137 3864 1452 3947; baseline 0.003 -21"><span class='ocrx_word' id='word_1_280' title='bbox 137 3864 314 3927; x_wconf 88' lang='lat' dir='ltr'><strong>dimidium</strong></span> <span class='ocrx_word' id='word_1_281' title='bbox 344 3865 505 3928; x_wconf 88' lang='lat' dir='ltr'><strong>castellani</strong></span> <span class='ocrx_word' id='word_1_282' title='bbox 536 3866 602 3927; x_wconf 80' lang='lat' dir='ltr'><strong>sive</strong></span> <span class='ocrx_word' id='word_1_283' title='bbox 631 3867 757 3947; x_wconf 88' lang='lat' dir='ltr'><strong>opidani</strong></span> <span class='ocrx_word' id='word_1_284' title='bbox 785 3867 817 3927; x_wconf 91' lang='lat' dir='ltr'><strong>in</strong></span> <span class='ocrx_word' id='word_1_285' title='bbox 848 3866 983 3929; x_wconf 81' lang='lat' dir='ltr'><strong>Salecke.</strong></span> <span class='ocrx_word' id='word_1_286' title='bbox 1033 3865 1072 3927; x_wconf 81' lang='lat' dir='ltr'><strong>nt</strong></span> <span class='ocrx_word' id='word_1_287' title='bbox 1097 3885 1154 3927; x_wconf 91' lang='lat' dir='ltr'><strong>uos</strong></span> <span class='ocrx_word' id='word_1_288' title='bbox 1182 3865 1290 3928; x_wconf 87' lang='lat' dir='ltr'><strong>endem</strong></span> <span class='ocrx_word' id='word_1_289' title='bbox 1324 3865 1407 3928; x_wconf 89' lang='lat' dir='ltr'><strong>bona</strong></span> <span class='ocrx_word' id='word_1_290' title='bbox 1434 3888 1452 3930; x_wconf 89' lang='lat' dir='ltr'><strong>a</strong></span> 
     </span>
     <span class='ocr_line' id='line_1_36' title="bbox 142 3953 1454 4037; baseline 0.003 -22"><span class='ocrx_word' id='word_1_291' title='bbox 142 3954 278 4016; x_wconf 88' lang='lat' dir='ltr'><strong>dominu</strong></span> <span class='ocrx_word' id='word_1_292' title='bbox 300 4004 325 4017; x_wconf 92' lang='lat'><strong>..</strong></span> <span class='ocrx_word' id='word_1_293' title='bbox 348 3953 559 4017; x_wconf 85' lang='lat' dir='ltr'><strong>abbatissam</strong></span> <span class='ocrx_word' id='word_1_294' title='bbox 583 3953 843 4037; x_wconf 78' lang='lat' dir='ltr'><strong>Quedlingebnrg</strong></span> <span class='ocrx_word' id='word_1_295' title='bbox 874 3957 906 4017; x_wconf 91' lang='lat' dir='ltr'><strong>in</strong></span> <span class='ocrx_word' id='word_1_296' title='bbox 935 3956 1029 4018; x_wconf 86' lang='lat' dir='ltr'><strong>leudo</strong></span> <span class='ocrx_word' id='word_1_297' title='bbox 1058 3955 1211 4018; x_wconf 87' lang='lat' dir='ltr'><strong>hacteuus</strong></span> <span class='ocrx_word' id='word_1_298' title='bbox 1232 3956 1402 4020; x_wconf 89' lang='lat' dir='ltr'><strong>habuimus</strong></span> <span class='ocrx_word' id='word_1_299' title='bbox 1423 3963 1454 4019; x_wconf 90' lang='lat' dir='ltr'><strong>ot</strong></span> 
     </span>
     <span class='ocr_line' id='line_1_37' title="bbox 139 4043 1452 4127; baseline 0.002 -20"><span class='ocrx_word' id='word_1_300' title='bbox 139 4045 249 4107; x_wconf 85' lang='lat' dir='ltr'><strong>eidem</strong></span> <span class='ocrx_word' id='word_1_301' title='bbox 273 4043 370 4107; x_wconf 89' lang='lat' dir='ltr'><strong>libero</strong></span> <span class='ocrx_word' id='word_1_302' title='bbox 390 4046 633 4127; x_wconf 70' lang='lat' dir='ltr'><strong>resignavimus</strong></span> <span class='ocrx_word' id='word_1_303' title='bbox 656 4045 920 4108; x_wconf 83' lang='lat' dir='ltr'><strong>abrenunciantes</strong></span> <span class='ocrx_word' id='word_1_304' title='bbox 942 4045 1089 4108; x_wconf 89' lang='lat' dir='ltr'><strong>omnibus</strong></span> <span class='ocrx_word' id='word_1_305' title='bbox 1111 4045 1252 4124; x_wconf 75' lang='lat' dir='ltr'><strong>lumbus,</strong></span> <span class='ocrx_word' id='word_1_306' title='bbox 1276 4045 1387 4109; x_wconf 89' lang='lat' dir='ltr'><strong>usibus</strong></span> <span class='ocrx_word' id='word_1_307' title='bbox 1406 4053 1452 4109; x_wconf 74' lang='lat' dir='ltr'><strong>et⁶</strong></span> 
     </span>
     <span class='ocr_line' id='line_1_38' title="bbox 141 4134 1452 4219; baseline 0.002 -23"><span class='ocrx_word' id='word_1_308' title='bbox 141 4134 428 4218; x_wconf 74' lang='lat' dir='ltr'><strong>utilitatibusque</strong></span> <span class='ocrx_word' id='word_1_309' title='bbox 451 4135 621 4198; x_wconf 88' lang='lat' dir='ltr'><strong>habuimus</strong></span> <span class='ocrx_word' id='word_1_310' title='bbox 643 4137 673 4197; x_wconf 92' lang='lat' dir='ltr'><strong>iu</strong></span> <span class='ocrx_word' id='word_1_311' title='bbox 697 4135 831 4212; x_wconf 81' lang='lat' dir='ltr'><strong>eisdem,</strong></span> <span class='ocrx_word' id='word_1_312' title='bbox 854 4136 1117 4198; x_wconf 87' lang='lat' dir='ltr'><strong>abrenunciantes</strong></span> <span class='ocrx_word' id='word_1_313' title='bbox 1138 4137 1237 4198; x_wconf 88' lang='lat' dir='ltr'><strong>eciam</strong></span> <span class='ocrx_word' id='word_1_314' title='bbox 1260 4137 1452 4219; x_wconf 90' lang='lat' dir='ltr'><strong>impeticioni</strong></span> 
     </span>
     <span class='ocr_line' id='line_1_39' title="bbox 138 4225 1452 4308; baseline 0.003 -22"><span class='ocrx_word' id='word_1_315' title='bbox 138 4243 206 4286; x_wconf 88' lang='lat' dir='ltr'><strong>seu</strong></span> <span class='ocrx_word' id='word_1_316' title='bbox 237 4241 345 4301; x_wconf 75' lang='lat' dir='ltr'><strong>carme,</strong></span> <span class='ocrx_word' id='word_1_317' title='bbox 378 4245 473 4307; x_wconf 74' lang='lat' dir='ltr'><strong>qrram</strong></span> <span class='ocrx_word' id='word_1_318' title='bbox 506 4225 622 4288; x_wconf 89' lang='lat' dir='ltr'><strong>eisdem</strong></span> <span class='ocrx_word' id='word_1_319' title='bbox 655 4226 810 4307; x_wconf 87' lang='lat' dir='ltr'><strong>religiosis</strong></span> <span class='ocrx_word' id='word_1_320' title='bbox 842 4245 938 4308; x_wconf 88' lang='lat' dir='ltr'><strong>super</strong></span> <span class='ocrx_word' id='word_1_321' title='bbox 967 4245 1077 4288; x_wconf 88' lang='lat' dir='ltr'><strong>manso</strong></span> <span class='ocrx_word' id='word_1_322' title='bbox 1109 4230 1140 4288; x_wconf 87' lang='lat' dir='ltr'><strong>et</strong></span> <span class='ocrx_word' id='word_1_323' title='bbox 1167 4226 1296 4288; x_wconf 91' lang='lat' dir='ltr'><strong>dimidio</strong></span> <span class='ocrx_word' id='word_1_324' title='bbox 1325 4227 1392 4288; x_wconf 90' lang='lat' dir='ltr'><strong>sitis</strong></span> <span class='ocrx_word' id='word_1_325' title='bbox 1418 4227 1452 4290; x_wconf 90' lang='lat' dir='ltr'><strong>iu</strong></span> 
     </span>
     <span class='ocr_line' id='line_1_40' title="bbox 138 4311 1453 4397; baseline 0.002 -21"><span class='ocrx_word' id='word_1_326' title='bbox 138 4311 386 4392; x_wconf 72' lang='lat' dir='ltr'><strong>Doboltenytnl</strong></span> <span class='ocrx_word' id='word_1_327' title='bbox 416 4316 589 4386; x_wconf 82' lang='lat' dir='ltr'><strong>movimus,</strong></span> <span class='ocrx_word' id='word_1_328' title='bbox 621 4336 701 4397; x_wconf 84' lang='lat' dir='ltr'><strong>quos</strong></span> <span class='ocrx_word' id='word_1_329' title='bbox 729 4317 886 4379; x_wconf 87' lang='lat' dir='ltr'><strong>Iohannes</strong></span> <span class='ocrx_word' id='word_1_330' title='bbox 918 4315 1077 4396; x_wconf 78' lang='lat' dir='ltr'><strong>qrroudam</strong></span> <span class='ocrx_word' id='word_1_331' title='bbox 1111 4315 1201 4396; x_wconf 72' lang='lat' dir='ltr'><strong>beato</strong></span> <span class='ocrx_word' id='word_1_332' title='bbox 1229 4317 1381 4394; x_wconf 77' lang='lat' dir='ltr'><strong>memorie</strong></span> <span class='ocrx_word' id='word_1_333' title='bbox 1415 4315 1453 4378; x_wconf 90' lang='lat' dir='ltr'><strong>de</strong></span> 
     </span>
     <span class='ocr_line' id='line_1_41' title="bbox 137 4402 1450 4494; baseline 0.001 -29"><span class='ocrx_word' id='word_1_334' title='bbox 137 4402 350 4465; x_wconf 87' lang='lat' dir='ltr'><strong>Goserstethe</strong></span> <span class='ocrx_word' id='word_1_335' title='bbox 378 4404 550 4494; x_wconf 81' lang='lat' dir='ltr'><strong>canonicus</strong></span> <span class='ocrx_word' id='word_1_336' title='bbox 572 4403 723 4484; x_wconf 84' lang='lat' dir='ltr'><strong>cheusis</strong></span> <span class='ocrx_word' id='word_1_337' title='bbox 749 4407 782 4467; x_wconf 92' lang='lat' dir='ltr'><strong>iu</strong></span> <span class='ocrx_word' id='word_1_338' title='bbox 810 4404 904 4468; x_wconf 86' lang='lat' dir='ltr'><strong>feudo</strong></span> <span class='ocrx_word' id='word_1_339' title='bbox 931 4402 1043 4466; x_wconf 84' lang='lat' dir='ltr'><strong>habuit</strong></span> <span class='ocrx_word' id='word_1_340' title='bbox 1072 4425 1090 4466; x_wconf 86' lang='lat' dir='ltr'><strong>n</strong></span> <span class='ocrx_word' id='word_1_341' title='bbox 1118 4403 1223 4482; x_wconf 75' lang='lat' dir='ltr'><strong>nobie,</strong></span> <span class='ocrx_word' id='word_1_342' title='bbox 1251 4425 1330 4486; x_wconf 75' lang='lat' dir='ltr'><strong>qcros</strong></span> <span class='ocrx_word' id='word_1_343' title='bbox 1352 4405 1450 4468; x_wconf 87' lang='lat' dir='ltr'><strong>eciam</strong></span> 
     </span>
     <span class='ocr_line' id='line_1_42' title="bbox 135 4493 1453 4577; baseline 0.002 -23"><span class='ocrx_word' id='word_1_344' title='bbox 135 4497 255 4554; x_wconf 89' lang='lat' dir='ltr'><strong>nostor</strong></span> <span class='ocrx_word' id='word_1_345' title='bbox 275 4498 362 4574; x_wconf 87' lang='lat' dir='ltr'><strong>pater</strong></span> <span class='ocrx_word' id='word_1_346' title='bbox 383 4513 478 4576; x_wconf 88' lang='lat' dir='ltr'><strong>sopra</strong></span> <span class='ocrx_word' id='word_1_347' title='bbox 500 4494 591 4556; x_wconf 89' lang='lat' dir='ltr'><strong>dictis</strong></span> <span class='ocrx_word' id='word_1_348' title='bbox 612 4493 768 4577; x_wconf 83' lang='lat' dir='ltr'><strong>religiosis</strong></span> <span class='ocrx_word' id='word_1_349' title='bbox 789 4493 975 4558; x_wconf 88' lang='lat' dir='ltr'><strong>vendiderat</strong></span> <span class='ocrx_word' id='word_1_350' title='bbox 996 4513 1051 4576; x_wconf 91' lang='lat' dir='ltr'><strong>pro</strong></span> <span class='ocrx_word' id='word_1_351' title='bbox 1072 4500 1156 4557; x_wconf 89' lang='lat' dir='ltr'><strong>certa</strong></span> <span class='ocrx_word' id='word_1_352' title='bbox 1178 4513 1301 4556; x_wconf 86' lang='lat' dir='ltr'><strong>sunrma</strong></span> <span class='ocrx_word' id='word_1_353' title='bbox 1318 4496 1453 4577; x_wconf 76' lang='lat' dir='ltr'><strong>pecunie</strong></span> 
     </span>
     <span class='ocr_line' id='line_1_43' title="bbox 136 4581 1451 4668; baseline 0.002 -21"><span class='ocrx_word' id='word_1_354' title='bbox 136 4586 179 4647; x_wconf 87' lang='lat' dir='ltr'><strong>et</strong></span> <span class='ocrx_word' id='word_1_355' title='bbox 203 4581 329 4647; x_wconf 90' lang='lat' dir='ltr'><strong>domiuo</strong></span> <span class='ocrx_word' id='word_1_356' title='bbox 348 4583 500 4648; x_wconf 90' lang='lat' dir='ltr'><strong>Heinrico</strong></span> <span class='ocrx_word' id='word_1_357' title='bbox 521 4585 629 4648; x_wconf 88' lang='lat' dir='ltr'><strong>comiti</strong></span> <span class='ocrx_word' id='word_1_358' title='bbox 650 4585 689 4648; x_wconf 90' lang='lat' dir='ltr'><strong>de</strong></span> <span class='ocrx_word' id='word_1_359' title='bbox 710 4584 925 4668; x_wconf 78' lang='lat' dir='ltr'><strong>Biohelingen,</strong></span> <span class='ocrx_word' id='word_1_360' title='bbox 947 4605 965 4646; x_wconf 87' lang='lat' dir='ltr'><strong>a</strong></span> <span class='ocrx_word' id='word_1_361' title='bbox 987 4604 1050 4667; x_wconf 91' lang='lat' dir='ltr'><strong>quo</strong></span> <span class='ocrx_word' id='word_1_362' title='bbox 1071 4584 1179 4648; x_wconf 85' lang='lat' dir='ltr'><strong>endem</strong></span> <span class='ocrx_word' id='word_1_363' title='bbox 1202 4583 1284 4648; x_wconf 87' lang='lat' dir='ltr'><strong>bona</strong></span> <span class='ocrx_word' id='word_1_364' title='bbox 1306 4587 1337 4648; x_wconf 92' lang='lat' dir='ltr'><strong>iu</strong></span> <span class='ocrx_word' id='word_1_365' title='bbox 1359 4584 1451 4650; x_wconf 88' lang='lat' dir='ltr'><strong>leudo</strong></span> 
     </span>
    </p>
   </div>
   <div class='ocr_carea' id='block_1_12' title="bbox 0 0 1759 5148">
    <p class='ocr_par' dir='ltr' id='par_1_12' title="bbox 0 0 1759 5148">
     <span class='ocr_line' id='line_1_44' title="bbox 0 0 1759 5148; baseline 0 0"><span class='ocrx_word' id='word_1_366' title='bbox 0 0 1759 5148; x_wconf 95' lang='lat' dir='ltr'><strong> </strong></span> 
     </span>
    </p>
   </div>
  </div>
 </body>
</html>
