3506 5148
727 401 847 464 Natho.
869 403 944 458 1319.
1436 399 1485 460 451

184 556 244 618 sita
275 556 458 638 quondaml
493 556 527 618 iu
555 555 664 618 eodem
693 561 800 618 monte
826 575 938 618 versus
965 555 1127 618 meridiem
1156 573 1252 636 supra
1279 553 1489 636 lapicidinam,

184 665 258 708 cum
283 648 349 708 suia
371 645 580 729 appendiciis,
600 645 744 709 videlicet
765 666 822 708 sex
844 647 963 708 mansis
983 647 1015 708 in
1039 647 1147 708 eodem
1171 664 1281 727 campo
1304 645 1386 723 sitis,
1414 665 1487 708 cum

184 738 266 799 areis
288 743 318 798 et
339 736 482 799 curtibus
504 740 581 812 suis,
602 738 694 818 agris,
716 737 810 799 cultis
831 743 862 798 et
883 736 1018 814 incultis,
1045 754 1100 798 seu
1123 735 1221 796 eciam
1243 734 1411 796 novalibus
1432 755 1488 798 seu

184 826 395 909 pascualibus,
416 828 522 909 pratis
543 829 677 910 pascuis,
700 828 776 890 rivis
798 832 828 889 et
848 826 969 904 rivulis,
990 826 1103 908 aquis¹,
1123 843 1278 906 aquarum
1295 824 1489 904 decursibus,

184 914 391 994 torrentibus,
423 917 482 978 viis
513 923 544 978 et
565 918 675 994 inviis,
707 937 781 980 curu
813 917 909 996 silva,
940 935 1002 998 que
1034 916 1149 978 dicitur
1178 914 1349 993 abbatisse,
1381 917 1489 978 circam

185 997 302 1086 regiam
326 1011 465 1082 stratam,
486 1025 549 1089 que
570 1007 650 1070 silva
671 1007 869 1090 protenditur
891 1005 1049 1088 usquead
1070 1005 1222 1067 t'ossatunr
1244 1007 1400 1080 torrentis,
1427 1026 1489 1088 que

187 1096 288 1177 vergit
316 1095 353 1158 de
379 1116 490 1179 campo
515 1096 646 1160 Dobone
671 1104 780 1160 contra
807 1097 929 1174 Salam,
956 1116 1029 1158 cunr
1059 1115 1155 1178 parva
1180 1095 1296 1156 silvula
1320 1096 1489 1171 adiacente,

189 1205 284 1266 quarn
307 1185 380 1248 Otto
408 1187 511 1250 dictus
533 1187 572 1249 de
594 1185 769 1249 [archowe¹¹
799 1186 959 1269 quondam
986 1185 1174 1248 castellanus
1200 1186 1252 1246 in⁰
1279 1183 1488 1265 Ruthleybes-

185 1273 279 1356 bergl
308 1297 326 1339 a
356 1276 447 1338 nobis
478 1279 508 1339 in
536 1277 630 1340 leudo
661 1276 788 1354 habuit,
813 1281 844 1342 et
870 1275 940 1337 aliis
967 1275 1055 1336 silvis
1084 1280 1115 1336 ot
1142 1273 1266 1336 silvulis
1297 1274 1489 1338 adeundam

186 1364 292 1428 villam
316 1366 546 1448 pertinentibus
567 1373 598 1428 et
619 1366 743 1429 iuribus
764 1371 795 1428 et
811 1364 999 1428 utilitatibus
1016 1363 1271 1446 quibuscunque.
1303 1363 1370 1426 Hoc
1383 1369 1490 1429 onmia
1588 1381 1594 1394 ·

185 1461 216 1518 et
242 1456 367 1538 singula
395 1477 491 1540 snpra
520 1458 602 1520 dicta
630 1457 777 1538 predictis
803 1457 930 1520 domino
956 1453 1061 1517 abbati
1090 1461 1121 1516 et
1147 1457 1317 1516 conventui
1340 1456 1373 1517 in
1397 1456 1490 1520 Porta

188 1547 387 1608 vendidimus
419 1567 475 1630 pro
507 1548 682 1628 octogintaq
713 1548 828 1608 marcis
859 1545 1092 1627 llribergensisr
1123 1546 1259 1624 argenti,
1288 1563 1368 1626 quas
1399 1547 1489 1610 nobis

136 1649 138 1654 ’
184 1635 324 1717 plenarie
351 1636 515 1700 solverunt
542 1645 572 1700 et
600 1638 699 1698 eciam
725 1638 758 1698 in
783 1635 944 1698 meliorent
970 1655 1064 1698 usum
1092 1640 1236 1696 nostrum
1266 1634 1385 1698 utiliter
1415 1645 1489 1699 sunt

185 1743 344 1806 converse,
366 1728 409 1788 ita
424 1728 508 1810 quod
527 1745 594 1790 reru
615 1733 753 1788 nostram
772 1725 1033 1788 certitudinoliter
1045 1725 1257 1807 comperimus
1270 1725 1489 1806 benegestam.

186 1813 355 1898 Cupientes
379 1818 478 1898 igitur
505 1819 653 1900 predictis
682 1817 836 1898 religiosis
857 1817 1013 1898 condigna
1034 1815 1254 1878 vicissitudine
1275 1835 1439 1878 occurrere
1459 1824 1489 1878 et

184 1907 405 1989 indempnitati
434 1909 534 1990 ipsius
564 1909 745 1970 monasterii
774 1907 939 1969 clausulere
960 1913 991 1969 et
1011 1907 1050 1969 de
1070 1906 1187 1969 tuturis
1207 1907 1368 1987 periculiS,
1395 1911 1488 1988 prout

185 1995 325 2078 expedit,
352 1996 486 2060 fideliter
512 2016 691 2080 precavere,
722 2015 816 2058 omne
845 1999 908 2074 ins,
940 2016 1066 2060 omnem
1094 1995 1359 2076 iurisdictionem,
1395 2017 1488 2059 omne

185 2086 340 2148 iudicium
367 2089 539 2170 sanguinis
566 2095 597 2150 et
619 2107 788 2167 manuum,
815 2087 899 2168 quod
928 2087 1113 2169 vulgariter⁸
1138 2087 1254 2149 dicitur
1285 2087 1491 2168 halsgerichte

185 2180 218 2238 et
237 2177 488 2257 handtgerichte,
516 2197 573 2241 scu
596 2197 789 2260 quocunque
811 2179 941 2241 nomine
961 2179 1124 2241 communi
1146 2178 1196 2240 vel
1217 2179 1355 2261 privato,
1377 2179 1491 2240 usitato

185 2266 253 2327 velt
282 2267 434 2330 inusitato
466 2267 617 2350 appellari
649 2269 824 2350 potueritl,
855 2269 932 2349 ipsis
963 2268 1212 2330 contradidimus
1239 2289 1312 2330 cum
1342 2269 1491 2332 omnibus

186 2356 337 2434 iusticiiS,
369 2358 589 2420 usufructibus
619 2363 649 2420 et
676 2357 865 2420 utilitatibus
890 2358 980 2420 fundi
1008 2377 1064 2420 scu
1096 2357 1285 2436 fundorum,
1316 2357 1491 2439 superficiei

186 2463 243 2507 scu
275 2447 528 2528 superficierum,
560 2449 704 2529 utrisque
742 2447 908 2526 dominiiS,
947 2448 1078 2510 utilibus
1115 2447 1260 2511 videlicet
1296 2453 1326 2510 et
1359 2448 1493 2526 directis

188 2535 327 2598 volentes
350 2537 604 2616 nichilominus,
627 2539 733 2600 utine
756 2544 939 2620 patronatus
961 2537 1091 2601 ecclesie
1111 2539 1322 2621 predictarum
1345 2538 1491 2600 villarum

187 2625 225 2687 ad
252 2627 376 2690 eosdem
406 2628 568 2710 religiosos
597 2633 736 2691 transeat
756 2648 831 2689 cunr
854 2628 1059 2690 universitate
1080 2627 1292 2710 predictorum
1316 2627 1492 2689 bonorumv

186 2735 242 2797 pro
274 2717 375 2781 salute
403 2738 440 2782 ac
463 2719 601 2781 remedio
623 2720 802 2782 animarum
827 2719 1063 2800 progenitorum
1085 2722 1316 2779 nostrorumst
1339 2723 1374 2778 ut
1395 2720 1493 2779 nostri

187 2809 339 2870 memoria
365 2809 397 2870 in
428 2816 529 2871 morte
559 2815 588 2872 et
615 2811 647 2871 in
671 2811 735 2870 vita
760 2827 834 2870 cum
859 2807 1073 2870 benedictione
1095 2806 1173 2868 inibi
1196 2808 1309 2888 iugiter
1331 2806 1490 2869 habeatur.

186 2893 228 2957 Et
249 2899 325 2978 quia
346 2897 402 2959 hec
424 2899 531 2960 omnia
553 2897 660 2960 boner·
683 2917 778 2981 supra
798 2895 899 2960 dicta¹
921 2896 1123 2959 av'enerabili
1140 2897 1267 2958 domina
1289 2945 1313 2956 ..
1335 2897 1493 2960 abbatissa

187 2991 218 3047 et
256 2993 414 3049 conventu
446 2988 479 3048 in
510 2985 837 3069 Quethelingenburg,
868 2988 961 3048 cuins
999 2987 1139 3069 oapittnli
1179 3006 1356 3050 consensus
1392 2991 1491 3050 eciam

187 3079 331 3156 accessit,
362 3079 461 3139 nostri
482 3078 696 3160 progenitores
717 3084 748 3140 et
767 3096 825 3138 nos
846 3078 879 3138 in
901 3075 995 3139 leudo
1018 3077 1170 3139 hactenus
1195 3077 1417 3152 ltabnimnsl,²
1439 3097 1493 3160 per

187 3165 307 3228 litteras
329 3173 453 3230 nostrae
474 3171 616 3250 patentes
638 3167 755 3230 eisdem
780 3166 876 3229 libere
898 3167 1130 3247 resignavimus
1146 3173 1178 3228 et
1191 3166 1493 3231 abrenunciavimus

188 3257 338 3320 omnibus
366 3256 505 3338 iuribus,
533 3277 596 3340 que
624 3257 715 3320 nobis
744 3259 924 3339 nostrisque
952 3256 1160 3320 coheredibus
1188 3263 1219 3318 et
1244 3257 1493 3338 confeodotariis

188 3365 325 3428 quorum
347 3348 489 3410 omnium
513 3349 611 3410 eciam
634 3349 790 3430 plenius²²
812 3349 943 3410 accessit
962 3365 1149 3424 consensus,
1179 3347 1211 3408 in
1234 3348 1381 3427 predictis
1404 3349 1493 3411 bonis

189 3435 408 3518 competebant
422 3455 479 3500 seu
493 3443 622 3520 possent
632 3444 808 3521 competere
822 3441 855 3500 in
870 3438 1025 3502 futurum.
1058 3437 1204 3511 Quorum
1216 3439 1359 3500 omnium
1372 3459 1494 3520 posses-

188 3529 326 3600 sionem,
347 3528 398 3590 ins
419 3533 450 3590 et
471 3527 648 3590 dominium
670 3530 702 3590 in
725 3530 882 3610 predictos
903 3528 1065 3610 religiosos
1086 3527 1317 3590 transfudimus
1341 3535 1372 3590 et
1393 3535 1493 3592 trans-

187 3616 319 3680 ferimus
334 3637 389 3700 per
405 3619 600 3701 presentesbb
621 3623 651 3680 et
667 3637 722 3702 per
738 3619 886 3682 dilectum
904 3619 1059 3681 sororium
1077 3623 1219 3680 nostrum
1233 3617 1440 3701 Beringerunr
1456 3621 1494 3682 de

188 3705 369 3790 Meldingen
393 3709 476 3790 ipsos
497 3709 640 3772 investiri
659 3709 793 3772 lecimus
814 3709 996 3772 nomino-et
1018 3709 1085 3769 vice
1105 3714 1222 3788 nostra,
1249 3709 1328 3772 nihil
1350 3709 1441 3772 nobis
1461 3711 1492 3772 in

187 3798 334 3882 predictis
356 3799 439 3861 villis
461 3806 491 3862 et
512 3800 551 3862 ad
574 3799 697 3862 easdem
725 3797 954 3881 pertinentibus
977 3817 1169 3881 quocunque
1191 3801 1268 3876 iure,
1294 3802 1423 3862 nomine
1446 3799 1493 3862 vel

187 3888 280 3951 titulo
309 3893 513 3952 reservantes.
561 3889 664 3971 Super
688 3889 854 3952 evictionis
882 3890 981 3952 eciam
1010 3896 1041 3952 et
1066 3890 1319 3970 gwarandiarum
1342 3891 1493 3953 caucione

188 3981 330 4041 omniunt
346 3979 557 4061 predictorum
571 3979 736 4058 bonorum,
750 3999 812 4061 que
823 3980 900 4061 ipsis
913 3979 1013 4041 libera
1023 3984 1053 4041 et
1063 3979 1206 4042 absoluta
1221 4001 1240 4042 a
1252 3982 1365 4062 quovis
1379 3999 1494 4062 genere

187 4069 406 4148 iudiciorum,¹
419 4071 621 4132 exactionum
646 4076 676 4132 et
697 4069 855 4131 talliarum
864 4079 896 4148 ⁶⁰,
924 4071 1006 4132 sicut
1028 4087 1086 4131 nos
1106 4073 1137 4131 et
1158 4073 1256 4133 nostri
1279 4072 1494 4151 progenitores

187 4158 341 4220 hactenus
374 4159 622 4240 possedimusll,
657 4159 861 4222 vendidimus
889 4165 920 4222 et
950 4159 1200 4221 contradidimus
1231 4177 1304 4221 oum
1337 4179 1494 4222 consensu

189 4249 332 4310 omnium
355 4249 545 4312 coheredum
567 4255 788 4328 nostrorumr,
809 4250 984 4312 secundum
1007 4268 1209 4312 communem
1226 4255 1307 4312 terre
1324 4256 1494 4313 consuetu-

188 4337 296 4400 dinem
320 4357 378 4401 nos
399 4345 430 4401 et
451 4345 575 4403 nostros
597 4340 764 4404 coheredes
786 4340 984 4402 iusticialiter
1004 4339 1189 4420 obligamus.
1233 4339 1277 4404 Ut
1302 4347 1408 4404 autem
1437 4341 1493 4404 hee

187 4429 297 4490 omnia
319 4448 414 4512 supra
436 4432 550 4513 scripta
572 4437 639 4493 ratu
659 4436 690 4493 et
709 4428 896 4493 inconvulsa
912 4436 1126 4513 permaneant,
1147 4436 1322 4513 presentem
1339 4430 1493 4493 cartulam

186 4523 370 4582 nostrorum
398 4520 572 4603 sigillorum
603 4522 781 4585 munimine
801 4521 935 4585 lecimus
956 4520 1104 4583 roborari.
1146 4519 1186 4582 Et
1207 4539 1264 4604 ego
1285 4519 1494 4584 Theodericus
