3390 5148
635 391 853 450 mmmm
1338 393 1390 479 m

233 543 368 604 Herm.-
389 543 433 603 Or.
448 544 523 614 Prrp.
550 545 624 600 Zered
640 544 686 613 Sp.
702 543 766 598 sirrd
783 545 938 613 obpesotlen.
963 543 1080 615 mere,
1101 544 1335 603 Ratbnbablt'otbek.
1356 575 1389 584 -

283 627 313 680 D
329 628 364 680 al
382 623 632 694 (titssorsendcrt).
663 625 762 680 Tere.

233 731 359 786 Brucla:
377 731 516 800 moade,
535 731 602 788 Rau.
610 747 657 786 aaa.
667 731 709 797 11,
726 735 788 786 236.
818 730 1071 784 emmeramme
1089 731 1114 796 I,
1132 735 1192 784 230.
1228 731 1390 797 Nasamona,

283 811 369 870 caat.
389 811 695 868 normalitatem.
715 810 869 878 Lr'pa237.
905 809 1038 864 Drutsclr:
1064 811 1146 878 Wolff
1164 811 1212 876 ΙΙ,
1243 814 1302 864 168.
1336 811 1390 879 l'pl.

283 891 397 946 Pertrm
421 891 450 956 1,
476 895 535 948 115.
576 889 838 944 Bertuelr-Scbamel
863 889 892 954 I,
919 894 959 943 75.
1002 890 1142 958 Schdttperr
1167 893 1223 944 121.
1268 890 1390 958 Lepat'ur,

285 969 394 1024 Rur'rrerr
412 969 438 1028 d,
458 967 626 1037 Rauennam
642 971 685 1024 22.
722 986 744 1022 e,
764 967 911 1038 Scbdnbery
930 971 989 1022 158.

162 1076 330 1140 Universis
352 1075 468 1138 Christi
490 1073 640 1137 fidelibus
666 1075 698 1136 in
726 1079 923 1156 perpetuum.
964 1071 1106 1138 Dubium
1128 1094 1193 1138 non
1215 1083 1263 1140 est
1284 1077 1390 1140 omnia

90 1166 225 1244 omnino,
255 1185 316 1247 que
339 1173 426 1229 recto
447 1169 603 1247 geruntur
623 1163 770 1234 consilio,
799 1164 867 1226 iure
894 1163 1071 1245 meritoque
1099 1165 1217 1228 effectu
1239 1171 1271 1228 et
1291 1165 1391 1230 tirmi-

90 1264 145 1320 tate
165 1257 237 1336 niti,
264 1262 312 1320 set
334 1262 483 1337 vergente
511 1255 545 1317 in
567 1255 692 1318 senium
714 1253 813 1318 seculi
836 1252 1016 1338 corruptela
1037 1273 1079 1318 ex
1100 1254 1270 1336 fragilitate
1292 1256 1390 1318 nostri

91 1346 248 1430 temporis,
274 1346 313 1407 ad
343 1363 423 1426 quos
451 1344 533 1408 lines
560 1345 660 1426 ipsius
688 1343 787 1407 seculi
816 1343 1026 1424 devenerunt,
1049 1347 1158 1407 nostra
1179 1363 1253 1428 sepe
1274 1344 1392 1408 labitur

89 1448 116 1498 et
135 1443 308 1499 evacuatur
328 1435 481 1498 memoria
502 1440 533 1496 et
554 1434 713 1496 humanus
733 1434 919 1514 frequenter
945 1433 1054 1496 deficit
1078 1433 1266 1497 intellectus.
1310 1433 1389 1498 lude

89 1533 146 1604 est,
173 1526 259 1607 quod
283 1531 439 1588 retroacta
465 1522 592 1606 negotia
614 1523 711 1587 semel
734 1523 839 1586 decisa
862 1543 898 1585 ac
920 1523 1072 1606 legittime
1096 1522 1244 1601 diffinita,
1272 1543 1312 1587 ne
1334 1521 1390 1586 ali-

89 1616 174 1679 cuius
211 1616 361 1698 deinceps
397 1614 588 1697 suspicionis
623 1614 674 1676 vel
710 1613 916 1676 dubitationis
947 1613 979 1675 iu
1012 1613 1088 1696 ipsis
1121 1612 1259 1676 residere
1291 1614 1390 1695 possit

88 1707 219 1784 occasio,
249 1705 368 1788 patenti
392 1705 498 1766 tlronro
530 1713 562 1766 et
589 1703 775 1767 fidelissimo
803 1703 957 1786 scripture
984 1703 1164 1764 testimonio
1191 1702 1388 1766 muniuntur.

89 1794 214 1878 Propter
241 1794 325 1876 quod
353 1813 411 1877 egc
436 1794 631 1876 Beringerus
656 1793 748 1856 miles
770 1794 873 1856 dictus
895 1791 934 1855 de
956 1791 1100 1854 Brisenir
1122 1791 1227 1854 littera
1248 1793 1386 1874 presenti

88 1889 236 1966 protestor
256 1885 417 1948 universis
439 1903 475 1946 ac
496 1883 821 1965 omnibus-significo,
843 1883 928 1963 quod
949 1881 1032 1943 bona
1054 1882 1113 1944 sita
1133 1880 1166 1942 in
1182 1879 1257 1944 villa
1273 1879 1387 1944 Grort-

88 1975 176 2037 serre¹
204 1975 302 2052 dieta,
327 1979 468 2036 montem
497 1993 597 2035 unum
626 1991 699 2035 cunr
729 1973 831 2036 tribus
859 1970 962 2034 vineis
988 1971 1019 2032 in
1047 1970 1159 2033 eodem
1179 1974 1287 2034 monte
1310 1970 1386 2048 sitis,

88 2082 153 2126 eum
179 2069 247 2127 orto
276 2063 401 2125 humuli
429 2062 570 2126 eiusdem
602 2062 732 2137 montis,
759 2081 832 2124 eum
859 2062 1001 2143 quinque
1023 2061 1119 2137 areis,
1147 2079 1220 2122 eum
1242 2060 1386 2143 piscaria,

89 2172 143 2234 que
167 2154 262 2217 durat
287 2159 318 2217 et
346 2153 473 2216 ducitur·
501 2173 519 2214 a
548 2152 627 2215 vado
647 2151 697 2215 vel
719 2151 802 2230 loco,
825 2153 879 2232 qui
901 2151 1018 2214 dicitnr
1039 2148 1257 2231 Ditesphorth,
1283 2168 1386 2230 usque

88 2243 119 2304 ad
148 2243 255 2306 villam
282 2241 448 2318 Studerriz,
475 2262 546 2304 cum
575 2241 685 2304 salicto
713 2247 745 2304 et
768 2240 878 2323 iugero
905 2241 944 2302 ad
972 2241 1073 2322 ipsam
1101 2239 1269 2321 piscariam
1291 2238 1386 2321 perti-

88 2332 243 2409 nentibus,
279 2331 416 2402 insulam
449 2333 541 2395 etiam
574 2337 605 2394 et
631 2331 777 2395 salictum
805 2333 900 2394 situm
927 2329 985 2394 sub
1012 2336 1120 2392 monte
1142 2327 1313 2409 Sybotonis
1341 2329 1386 2392 sie

88 2421 177 2502 dieto,
210 2442 285 2486 oum
325 2423 410 2486 omni
448 2421 532 2501 iure,
570 2428 724 2504 proventu
757 2429 789 2486 et
820 2421 955 2484 utilitate
988 2419 1117 2482 rendidi
1149 2437 1232 2480 anno
1264 2418 1386 2481 domini

88 2512 447 2590 u0oc⁰rxm1,indic
470 2511 635 2575 beatorum
658 2511 872 2595 apostolorum
883 2511 970 2574 Petri
991 2515 1023 2572 et
1035 2507 1124 2572 Pauli
1147 2508 1264 2572 domno
1280 2507 1387 2571 abbati

87 2607 116 2664 et
134 2603 264 2668 ecclesie
281 2601 427 2666 Portensi
450 2601 680 2682 Oystercicnsis
701 2601 830 2675 ordinis,
851 2599 1116 2682 Nuenburgensis
1137 2597 1292 2678 dyocesis,
1313 2616 1387 2660 cum

86 2709 238 2756 consensu
265 2697 297 2756 et
321 2692 527 2756 conniventia
555 2691 709 2755 heredum
738 2709 882 2754 meorum
910 2708 967 2772 pro
997 2692 1125 2760 centum
1155 2687 1386 2769 quinquaginta

87 2783 194 2846 marcis
225 2782 363 2866 argenti,
395 2800 474 2864 quas
508 2800 558 2844 mc
588 2781 690 2845 fateor
717 2779 755 2843 ab
782 2781 851 2862 ipsa
879 2778 1014 2844 ecclesia
1034 2777 1207 2861 recepisse,
1238 2782 1270 2840 et
1290 2793 1386 2858 snper

86 2869 233 2955 dampnis,
255 2890 318 2954 que
341 2889 381 2934 ex
404 2871 555 2936 dilatione
577 2870 744 2935 solutionis
764 2868 899 2952 predicti
920 2868 1042 2952 argenti
1062 2865 1187 2951 pertuli,
1208 2864 1385 2930 seeundum

85 2959 243 3025 arbitrium
271 2961 481 3026 discretorum
504 2961 661 3036 virorum,
687 2959 796 3023 domni
815 2959 970 3022 (luntheri
993 2957 1032 3022 de
1053 2957 1210 3034 Bunowe,
1240 2954 1385 3019 Heinrici

85 3049 122 3112 de
147 3049 367 3116 Sconenberoh
393 3056 425 3114 et
451 3049 574 3114 Alberti
603 3049 642 3114 de
664 3049 842 3132 llemingin
866 3048 1018 3122 militum,
1040 3065 1120 3129 quos
1141 3064 1183 3108 ex
1204 3049 1292 3128 parte
1313 3062 1385 3108 mea

83 3137 114 3199 in
146 3139 278 3204 arbitros
309 3157 556 3222 assumpseram,
586 3144 619 3202 et
642 3138 775 3202 Vclradi
804 3138 843 3202 de
870 3136 962 3214 Rolr,
992 3134 1177 3199 Theoderici
1203 3133 1241 3197 de
1268 3133 1385 3198 lesten

84 3228 213 3294 militum
240 3240 273 3294 et
297 3229 441 3294 Heinrici
470 3229 509 3292 de
536 3229 725 3303 Rosinhain,
756 3247 836 3308 quos
865 3226 999 3290 ecclesia
1033 3243 1107 3309 sepe
1136 3224 1221 3288 diota
1246 3224 1322 3287 item
1351 3224 1384 3286 in

83 3317 211 3384 arbitros
233 3325 456 3402 assumpserat,
478 3337 561 3382 anno
583 3316 1030 3394 donrtniu0oo⁰nxx01,in
1051 3313 1158 3396 vigilia
1178 3312 1271 3378 beate
1284 3311 1384 3376 Maria

82 3406 264 3490 Magdalene
293 3429 418 3474 summa
451 3409 561 3472 decem
593 3426 771 3470 marcarum
801 3406 924 3490 argenti
955 3404 1052 3468 miehi
1080 3403 1277 3468 satisfactum
1305 3420 1383 3466 esse.

82 3500 171 3563 Anno
208 3505 315 3564 autem
354 3499 475 3562 domini
511 3496 776 3562 M⁰eo⁰nxv111⁰
809 3497 887 3560 item
923 3493 1074 3557 vendidt2
1111 3492 1245 3556 ecclesie
1277 3492 1385 3574 sepius

81 3595 247 3654 memorate
270 3607 328 3653 sex
348 3589 460 3670 iugera
481 3588 541 3652 sita
561 3588 652 3650 iuxta
668 3586 778 3648 villam
788 3585 1001 3668 Dorindorph,
1022 3588 1092 3646 coto
1118 3582 1255 3646 arcasin
1272 3580 1384 3645 eadem

80 3676 155 3740 villa
181 3685 214 3743 et
243 3695 361 3740 novem
394 3677 503 3740 vineas
532 3676 566 3738 irr
600 3681 707 3738 moute
741 3676 839 3738 reteri
868 3675 912 3736 sic
942 3673 1025 3736 dicto
1054 3677 1086 3734 et
1114 3671 1221 3754 ipsum
1242 3675 1382 3733 montem

79 3766 234 3849 integrum
263 3786 337 3830 oum
363 3767 508 3830 frutectis
535 3772 567 3829 et
592 3766 678 3828 omui
706 3764 840 3829 utilitate
864 3783 950 3828 nune
970 3763 1005 3825 in
1025 3781 1062 3825 eo
1085 3763 1255 3843 apparente
1277 3757 1329 3824 rel
1349 3759 1383 3822 in

79 3874 171 3921 erum
191 3855 433 3940 quomodolibet
453 3875 616 3920 emersura
637 3875 693 3938 pro
715 3855 876 3936 octogiuta
896 3852 998 3916 tribus
1019 3850 1135 3914 marcis
1149 3849 1281 3932 argenti,
1299 3849 1384 3930 'quas

79 3963 128 4010 me
150 3946 249 4012 fateor
270 3945 468 4029 integraliter
488 3945 646 4028 recepisse
665 3945 733 4008 sine
756 3943 902 4026 dampno.
934 3941 1025 4006 Bona
1042 3946 1147 4003 auteur
1165 3939 1272 4002 omnia
1288 3956 1383 4021 supra

79 4035 161 4099 dicta
179 4037 348 4118 utriusque
370 4036 539 4120 emptionis
560 4035 660 4118 optuli
676 4053 772 4118 snper
787 4052 947 4097 summum
964 4033 1062 4095 altare
1073 4029 1238 4092 Portensis
1248 4027 1383 4092 ecclesie

77 4132 106 4187 et
127 4125 304 4190 conbadidi
325 4131 359 4190 et
379 4126 579 4208 appropriari
601 4143 674 4187 curn
696 4125 783 4188 omui
803 4124 883 4196 iure,
905 4121 1054 4196 dominio,
1075 4122 1233 4201 proventu
1252 4123 1284 4182 et
1299 4113 1383 4180 utili-

78 4225 139 4279 tate
171 4217 271 4282 eidem
303 4217 437 4280 ecclesie
463 4221 617 4299 perpetuo
644 4213 843 4298 possidenda.
892 4211 944 4274 Ad
973 4211 1069 4273 huius
1097 4208 1144 4271 rei
1166 4207 1382 4272 testimonium

77 4311 254 4387 presentem
274 4306 412 4369 litteram
434 4305 537 4388 sigillo
561 4323 631 4368 meo
654 4310 685 4369 et
704 4303 807 4386 sigillo
829 4301 1004 4364 amicorum
1024 4317 1170 4362 meorum
1186 4296 1224 4360 de
1239 4295 1382 4360 Brmowe

76 4395 208 4480 sigillari
228 4397 304 4476 feci,
330 4401 366 4460 ut
393 4415 434 4459 ex
458 4396 517 4459 boc
542 4397 584 4458 sit
610 4395 706 4456 ‘vivax
733 4393 887 4456 memoria
913 4397 945 4454 et
970 4387 1150 4474 perhennis.
1192 4385 1275 4450 Data
1295 4384 1382 4450 Kan-

75 4485 179 4549 burhc
199 4505 280 4550 armo
302 4487 425 4550 domini
445 4483 707 4564 M⁰CG⁰LXX⁰1,
734 4483 836 4567 pridie
856 4480 1010 4545 kalendas
1030 4477 1183 4560 Augusti,
1208 4475 1382 4540 indictione

77 4573 192 4639 ΜΡ.3
229 4575 333 4640 Huius
362 4577 408 4638 rei
436 4581 531 4638 testes
554 4579 629 4637 sunt
648 4572 865 4656 conpositores
887 4568 1069 4633 amicabiles
1092 4585 1188 4650 supra
1209 4564 1294 4646 dicti,
1314 4563 1381 4627 mr·-
