3400 5148
522 377 573 442 Nr.
586 381 731 442 tae-124.
753 378 933 438 tall-1250.
1330 379 1378 436 tlt

94 537 319 622 imperpetuum.
360 536 412 600 Ad
440 536 592 600 noticiam
620 534 809 599 deducimus
831 536 1066 612 univcrscnrm
1088 531 1128 596 ad
1151 553 1231 616 quos
1250 551 1382 617 presens

94 629 191 710 pagina
222 628 415 710 pervenerit,
447 627 548 710 quod,
579 645 653 688 cum
684 626 814 706 quidam
846 624 937 687 miles
963 625 1093 687 nornine
1124 623 1309 706 Reiniridus
1341 624 1381 686 de

93 716 327 781 llenscesleiben
346 715 545 780 venerabilcs
567 717 666 794 viros,
686 715 834 778 abbatem
855 721 887 777 et
907 719 1100 776 conventum
1118 713 1313 790 Portensem
1333 713 1383 774 in·

92 813 197 888 peteret
217 826 314 890 super
335 807 473 888 quodam
492 804 562 868 loco
585 805 758 867 molendini
780 811 812 866 et
833 803 1024 884 qtribusdam
1045 803 1232 882 aliisrebus,
1255 803 1382 866 tandem

92 906 212 978 aruaque
238 901 326 979 parte
354 896 572 958 consentiente
594 893 686 956 uobis
707 893 922 956 mediantibus
942 894 1004 955 luit
1025 894 1225 975 conpositum
1246 893 1278 954 iu
1297 893 1383 954 hunc

91 986 221 1062 niodum,
252 985 335 1066 quud
367 986 457 1048 miles
485 989 678 1047 memoratus
702 993 831 1066 accepta
858 1003 877 1044 a
901 982 1108 1045 Portensibua
1131 989 1217 1044 certa
1238 987 1383 1064 pecunia,

91 1075 196 1138 scilicet
217 1085 284 1138 Vlll
304 1076 428 1152 marcis,
449 1073 650 1136 renunciavit
672 1074 757 1134 omui
781 1072 906 1150 actioni,
929 1091 1024 1154 quam
1044 1091 1140 1154 super
1155 1072 1297 1154 predicto
1313 1071 1383 1134 locu

91 1165 249 1227 molendini
272 1164 322 1226 vel
343 1163 413 1226 aliis
434 1163 530 1226 rebus
549 1167 627 1224 tunc
649 1161 759 1224 hebuit
782 1160 831 1224 vel
852 1162 941 1223 risus
961 1166 1009 1224 est
1029 1160 1191 1238 habuisse,
1216 1161 1293 1223 iiliis
1314 1161 1383 1222 eius

91 1253 277 1336 presentibus
309 1261 341 1316 et
371 1251 645 1316 consentientibus
675 1252 759 1313 facto
787 1251 899 1332 patrie,
929 1251 1026 1311 immo
1057 1251 1134 1332 ipsis
1165 1251 1283 1333 puriter
1310 1269 1383 1312 curn

91 1351 164 1424 patre
185 1341 455 1406 renunciantibus.
492 1341 595 1422 Igitur
615 1339 654 1402 ab
678 1348 812 1421 utruque
831 1346 919 1423 parte
935 1339 1036 1420 rogati
1055 1357 1151 1421 super
1166 1339 1278 1401 eodem
1299 1339 1383 1400 iacto

89 1451 205 1514 presens
229 1433 465 1514 cyrographum
491 1430 607 1493 confici
633 1431 768 1492 facimus
792 1436 824 1491 et
847 1428 942 1511 sigilli
969 1429 1067 1490 nostri
1094 1429 1269 1490 munimine
1292 1427 1383 1490 robo-

89 1521 149 1584 rari.
184 1521 293 1592 Testes
315 1521 409 1583 huius
430 1521 477 1584 rei
498 1524 573 1582 sunt
592 1518 797 1582 Meiuhardus
819 1518 858 1581 tle
877 1517 1020 1580 'lundori
1040 1522 1072 1580 ct
1092 1517 1150 1580 filii
1174 1519 1259 1596 eius,
1284 1517 1382 1582 Eure·

88 1621 144 1672 atus
160 1611 341 1686 advocatus
362 1609 535 1674 Hehuicus
546 1608 638 1670 miles
651 1607 691 1672 de
707 1607 735 1672 N
740 1627 860 1680 ueseze,
881 1607 1053 1670 Heiuricus
1063 1605 1155 1670 utiles
1169 1607 1207 1670 de
1221 1607 1382 1685 (leharea,

86 1699 256 1762 thidericus
306 1699 399 1762 ruiles
429 1699 469 1760 de
510 1697 680 1780 Pephilde‚
713 1696 944 1778 Degenhardus
980 1697 1189 1775 camerarius,
1230 1695 1382 1759 Albertus

86 1790 224 1871 uragister
254 1789 289 1850 iu
319 1787 541 1862 Hechendcrd,
576 1786 790 1850 Theodericus
818 1785 933 1847 fratres
966 1784 1143 1848 Fortenses.
1195 1786 1276 1848 Acta
1306 1791 1380 1848 suut

86 1880 135 1942 hec
163 1899 245 1942 anun
279 1879 379 1960 gratie
409 1877 603 1941 M⁰Gt¹⁰XL⁰
616 1875 683 1954 1x⁰‚
715 1877 757 1937 V⁰
779 1875 852 1938 idus
872 1875 955 1936 Iulii.

86 2103 189 2187 1250.
1290 2098 1378 2182 124.

155 2235 224 2302 Das
251 2237 379 2302 moster
409 2237 518 2319 Psorlc
547 2235 700 2302 metasse
729 2235 789 2299 den
820 2233 955 2298 Baetem
989 2235 1023 2300 in
1050 2233 1267 2316 Flamminpen
1296 2238 1381 2300 seiae

119 2328 252 2409 dmtipen
273 2327 392 2392 Aeclrer
413 2327 447 2390 in
469 2325 636 2407 Erbpacbl.

224 2466 355 2521 Educta:
373 2459 474 2520 1134ὓ
492 2465 546 2533 (tit.
561 2463 744 2534 Flemingen).
777 2465 801 2517 T
817 2469 875 2520 105.

221 2572 332 2626 Draclt:
350 2571 485 2626 Daretach:
502 2570 587 2638 Wolff
596 2569 638 2633 ΙΙ,
654 2573 695 2627 46,
723 2570 783 2640 Vpl:
793 2571 906 2624 Pertach
916 2569 941 2635 I,
953 2574 1012 2628 108.
1031 2569 1283 2625 Bertuch-Schnmel
1292 2572 1317 2636 Ι,
1334 2575 1376 2626 69.

271 2651 447 2720 Bcrchprooe,
467 2651 584 2704 bbbnim
602 2649 695 2718 Belpea
712 2650 770 2708 341,

155 2779 319 2844 (lrnradus
342 2780 394 2842 dei
417 2797 549 2842 munere
572 2777 675 2842 dictus
692 2775 789 2840 abbas
806 2778 840 2840 iu
856 2777 961 2840 Porta.
993 2778 1022 2840 N
1025 2779 1149 2842 crerint
1165 2779 1315 2857 universi,
1337 2781 1377 2844 ad

88 2887 155 2950 quos
169 2872 228 2934 ista
242 2870 455 2954 pervenerint
477 2869 562 2950 quod
582 2888 640 2930 uos
657 2868 695 2930 dc
713 2868 1019 2931 communiconsilio
1031 2868 1162 2952 capituli
1175 2870 1273 2932 nostri
1285 2889 1377 2950 agros

87 2959 181 3022 allodii
197 2961 297 3023 nostri
312 2959 346 3022 in
363 2959 550 3040 Flenringen
568 2958 695 3021 rusticis
712 2956 901 3020 tradidimus
916 2958 1110 3022 excolendos
1126 2979 1183 3040 pro
1200 2961 1295 3022 certia
1306 2962 1377 3022 red-

87 3048 191 3112 ditibus
206 3049 381 3128 annuatim,
401 3049 460 3112 hcc
471 3055 564 3132 pacto
575 3048 770 3130 interposito,
787 3053 830 3125 ut
846 3066 942 3127 quam
960 3047 1015 3110 diu
1035 3049 1096 3131 ipsi
1113 3048 1258 3112 homines
1275 3049 1376 3113 dictos

86 3157 165 3220 agros
183 3140 322 3204 fideliter
347 3138 495 3202 excolere
524 3143 556 3201 et
576 3157 708 3200 censum
730 3137 873 3199 debitum
897 3137 990 3198 aunis
1011 3137 1144 3218 singulis
1166 3143 1238 3202 aute
1259 3139 1376 3202 festum

87 3229 173 3292 saneti
193 3229 323 3292 Audrce
344 3227 525 3311 persolvere
548 3228 741 3304 studuerint,
762 3245 822 3289 uec
842 3227 904 3310 ipsi
924 3245 983 3290 uec
1004 3227 1147 3308 ipsorum
1168 3247 1286 3291 traines
1308 3229 1376 3292 vel⁸

87 3317 203 3382 heredes
227 3339 286 3402 per
313 3335 373 3381 nos
398 3318 438 3380 ab
465 3318 586 3382 eisdem
616 3317 707 3380 bouis
735 3316 801 3380 ullo
827 3316 922 3380 urodc
955 3321 1103 3398 poterunt
1134 3318 1275 3380 arrroveri
1307 3317 1375 3382 sive

86 3409 173 3484 tytulo
198 3409 338 3472 melioris
364 3408 561 3470 condicionis
589 3412 620 3470 et
647 3408 822 3470 exactionis
844 3409 911 3468 siae
933 3407 1027 3468 etiam
1048 3407 1193 3468 amicicia
1215 3407 1374 3487 qualibetl
1439 3435 1442 3442 ·

86 3495 230 3579 singulari.
272 3498 306 3562 Si
332 3517 421 3576 vero,
448 3496 534 3578 quod
560 3496 654 3575 absit,
686 3496 786 3578 aliqui
817 3497 958 3579 ipsorum
990 3495 1177 3566 Portensem
1206 3496 1374 3561 ecclesiam

85 3584 216 3651 tratrdare
244 3587 405 3650 volueriut
430 3588 464 3648 in
485 3586 674 3668 premissis,
700 3585 796 3668 putal
817 3586 844 3650 si
866 3586 986 3648 fuerint
1003 3585 1140 3665 lusores,
1161 3604 1375 3668 percussores,

86 3691 235 3740 nemorum
256 3683 439 3738 nostrorum
461 3676 637 3739 succisores
658 3675 708 3737 vel
726 3675 920 3756 aliudquid⁰
943 3676 1098 3737 iniustum
1110 3678 1374 3759 attemptaveriut,

84 3765 156 3828 unde
183 3766 347 3848 vulgarem
377 3766 543 3827 incurrant
572 3765 749 3846 iufamium,
780 3771 856 3827 tuuc
889 3764 1066 3827 secuudum
1094 3765 1252 3828 iusticiam
1284 3767 1376 3830 ville‘

84 3849 252 3938 llcuringeu
283 3861 338 3917 aut
368 3853 472 3936 penali
499 3854 617 3915 itulicin
647 3853 857 3916 subiacebunt
885 3859 940 3915 aut
966 3859 1051 3916 certe
1079 3854 1118 3915 de
1140 3855 1260 3916 eisdem
1283 3855 1374 3918 bouis

84 3941 328 4006 extemrinandos
349 3962 383 4005 se
400 3943 555 4004 neverint.
587 3943 620 4004 ai
641 3949 747 4004 tarucu
768 3943 910 4023 ipsarum
932 3942 1025 4024 culpa
1046 3947 1077 4003 et
1098 3945 1293 4006 contumatia
1309 3951 1372 4008 tatu

83 4033 207 4096 enormis
227 4032 324 4096 luerit
343 4031 550 4114 conprobata,
572 4050 631 4093 uec
653 4031 699 4094 cis
722 4031 762 4094 ud
785 4032 938 4114 promissa
953 4031 1134 4094 tenebimur
1151 4033 1295 4115 obligati,
1318 4037 1371 4115 qui

84 4117 168 4184 tidem
188 4123 334 4206 promissi
356 4122 407 4186 sui
427 4122 461 4184 iu
482 4121 575 4184 nobis
591 4121 743 4184 duxerint
758 4121 948 4197 violandam,
971 4121 1054 4200 quia
1075 4127 1110 4182 ut
1123 4121 1155 4183 in
1168 4122 1373 4199 iuredicitur,

86 4211 159 4288 quod
177 4211 329 4294 legittime
347 4213 468 4274 factum
483 4211 666 4288 dinoscitur,
688 4210 932 4293 superueniente
944 4209 1059 4272 delicto
1071 4211 1221 4274 irritatur.
1251 4212 1372 4276 Eadem

86 4313 154 4376 pena
183 4303 362 4366 exterminii
393 4300 466 4364 illos
497 4301 649 4363 duximus
679 4300 904 4378 includendae,
941 4300 995 4380 qui
1028 4299 1131 4362 alieuo
1163 4301 1303 4364 dominic
1338 4324 1371 4366 sc

88 4403 270 4472 quacumque
291 4393 331 4455 de
351 4410 448 4454 causa
469 4390 662 4453 subiecerint
684 4391 830 4472 homagio
851 4389 902 4452 vel
924 4389 1041 4450 ctiamss
1062 4391 1189 4472 propria
1210 4393 1370 4456 servitute.

89 4473 218 4542 Ceterum
238 4482 332 4544 eliam
352 4482 379 4543 si
400 4497 552 4563 processu
580 4481 729 4562 temporis
755 4479 854 4559 aliqui
875 4479 914 4542 de
932 4480 1094 4561 premissis
1117 4479 1298 4544 homiuibus
1319 4483 1369 4544 rel

90 4561 211 4642 ipsorum
236 4569 473 4634 successoribus
502 4569 643 4652 qualibet
668 4570 707 4632 de
733 4587 830 4631 carisa
862 4587 881 4630 a
912 4569 1002 4630 rrcbia
1030 4569 1177 4632 recedere
1204 4571 1370 4652 volueriut,

1117 4679 1169 4734 10*
