<?xml version="1.0" encoding="UTF-8"?>
<!DOCTYPE html PUBLIC "-//W3C//DTD XHTML 1.0 Transitional//EN"
    "http://www.w3.org/TR/xhtml1/DTD/xhtml1-transitional.dtd">
<html xmlns="http://www.w3.org/1999/xhtml" xml:lang="en" lang="en">
 <head>
  <title>
</title>
<meta http-equiv="Content-Type" content="text/html;charset=utf-8" />
  <meta name='ocr-system' content='tesseract 3.04.00' />
  <meta name='ocr-capabilities' content='ocr_page ocr_carea ocr_par ocr_line ocrx_word'/>
</head>
<body>
  <div class='ocr_page' id='page_1' title='image "./urkundenbuchdes00pforgoog_0473.png"; bbox 0 0 3402 5152; ppageno 0'>
   <div class='ocr_carea' id='block_1_1' title="bbox 613 391 1399 452">
    <p class='ocr_par' dir='ltr' id='par_1_1' title="bbox 613 391 1399 452">
     <span class='ocr_line' id='line_1_1' title="bbox 613 391 1399 452; baseline -0.003 0"><span class='ocrx_word' id='word_1_1' title='bbox 613 392 822 452; x_wconf 61' lang='lat' dir='ltr'>Natu-ua.</span> <span class='ocrx_word' id='word_1_2' title='bbox 843 391 919 450; x_wconf 76' lang='grc'><strong>1317.</strong></span> <span class='ocrx_word' id='word_1_3' title='bbox 1347 391 1399 450; x_wconf 81' lang='grc'>439</span> 
     </span>
    </p>
   </div>
   <div class='ocr_carea' id='block_1_2' title="bbox 98 544 1468 2073">
    <p class='ocr_par' dir='ltr' id='par_1_2' title="bbox 98 544 1468 2073">
     <span class='ocr_line' id='line_1_2' title="bbox 105 544 1398 632; baseline 0 -20"><span class='ocrx_word' id='word_1_4' title='bbox 105 567 177 632; x_wconf 86' lang='lat' dir='ltr'>quos</span> <span class='ocrx_word' id='word_1_5' title='bbox 198 547 327 632; x_wconf 88' lang='lat' dir='ltr'>quidem</span> <span class='ocrx_word' id='word_1_6' title='bbox 357 547 453 610; x_wconf 87' lang='lat' dir='ltr'>vidua</span> <span class='ocrx_word' id='word_1_7' title='bbox 475 547 632 630; x_wconf 88' lang='lat' dir='ltr'>quondam</span> <span class='ocrx_word' id='word_1_8' title='bbox 657 547 725 610; x_wconf 85' lang='lat' dir='ltr'>sive</span> <span class='ocrx_word' id='word_1_9' title='bbox 747 547 855 608; x_wconf 87' lang='lat' dir='ltr'>relicta</span> <span class='ocrx_word' id='word_1_10' title='bbox 876 544 1013 610; x_wconf 88' lang='lat' dir='ltr'>Bertoldi</span> <span class='ocrx_word' id='word_1_11' title='bbox 1037 545 1127 610; x_wconf 81' lang='lat' dir='ltr'>Circa</span> <span class='ocrx_word' id='word_1_12' title='bbox 1148 565 1281 630; x_wconf 81' lang='lat' dir='ltr'>aquam,</span> <span class='ocrx_word' id='word_1_13' title='bbox 1311 568 1398 612; x_wconf 92' lang='lat' dir='ltr'>nunc</span> 
     </span>
     <span class='ocr_line' id='line_1_3' title="bbox 104 635 1398 721; baseline 0 -19"><span class='ocrx_word' id='word_1_14' title='bbox 104 649 201 702; x_wconf 89' lang='lat' dir='ltr'>antem</span> <span class='ocrx_word' id='word_1_15' title='bbox 230 659 286 721; x_wconf 88' lang='lat' dir='ltr'>per</span> <span class='ocrx_word' id='word_1_16' title='bbox 312 637 468 700; x_wconf 87' lang='lat' dir='ltr'>secundas</span> <span class='ocrx_word' id='word_1_17' title='bbox 498 638 629 720; x_wconf 79' lang='lat' dir='ltr'>nupcias</span> <span class='ocrx_word' id='word_1_18' title='bbox 659 639 799 699; x_wconf 86' lang='lat' dir='ltr'>coniunx</span> <span class='ocrx_word' id='word_1_19' title='bbox 829 635 1019 698; x_wconf 86' lang='lat' dir='ltr'>Hartmanui</span> <span class='ocrx_word' id='word_1_20' title='bbox 1051 637 1124 699; x_wconf 89' lang='lat' dir='ltr'>dieti</span> <span class='ocrx_word' id='word_1_21' title='bbox 1156 637 1284 701; x_wconf 86' lang='lat' dir='ltr'>Cluwen</span> <span class='ocrx_word' id='word_1_22' title='bbox 1316 640 1398 702; x_wconf 90' lang='lat' dir='ltr'>dicta</span> 
     </span>
     <span class='ocr_line' id='line_1_4' title="bbox 104 725 1399 812; baseline 0.002 -22"><span class='ocrx_word' id='word_1_23' title='bbox 104 728 190 792; x_wconf 85' lang='lat' dir='ltr'>Thala</span> <span class='ocrx_word' id='word_1_24' title='bbox 211 749 229 791; x_wconf 91' lang='lat' dir='ltr'>a</span> <span class='ocrx_word' id='word_1_25' title='bbox 250 728 342 790; x_wconf 88' lang='lat' dir='ltr'>nobis</span> <span class='ocrx_word' id='word_1_26' title='bbox 364 727 455 790; x_wconf 89' lang='lat' dir='ltr'>titulo</span> <span class='ocrx_word' id='word_1_27' title='bbox 478 727 559 789; x_wconf 88' lang='lat' dir='ltr'>dotis</span> <span class='ocrx_word' id='word_1_28' title='bbox 581 747 637 790; x_wconf 93' lang='lat' dir='ltr'>seu</span> <span class='ocrx_word' id='word_1_29' title='bbox 660 727 796 790; x_wconf 79' lang='lat' dir='ltr'>dotalicii</span> <span class='ocrx_word' id='word_1_30' title='bbox 819 725 911 788; x_wconf 88' lang='lat' dir='ltr'>habet</span> <span class='ocrx_word' id='word_1_31' title='bbox 939 732 968 788; x_wconf 92' lang='lat' dir='ltr'>et</span> <span class='ocrx_word' id='word_1_32' title='bbox 994 727 1146 789; x_wconf 89' lang='lat' dir='ltr'>hactenus</span> <span class='ocrx_word' id='word_1_33' title='bbox 1169 727 1292 809; x_wconf 83' lang='lat' dir='ltr'>habuit,</span> <span class='ocrx_word' id='word_1_34' title='bbox 1319 750 1399 812; x_wconf 89' lang='lat' dir='ltr'>quos</span> 
     </span>
     <span class='ocr_line' id='line_1_5' title="bbox 104 817 1399 902; baseline 0.002 -22"><span class='ocrx_word' id='word_1_35' title='bbox 104 820 241 882; x_wconf 90' lang='lat' dir='ltr'>similiter</span> <span class='ocrx_word' id='word_1_36' title='bbox 263 823 333 902; x_wconf 86' lang='lat' dir='ltr'>post</span> <span class='ocrx_word' id='word_1_37' title='bbox 354 823 486 880; x_wconf 85' lang='lat' dir='ltr'>mertem</span> <span class='ocrx_word' id='word_1_38' title='bbox 510 817 650 880; x_wconf 89' lang='lat' dir='ltr'>eiusdem</span> <span class='ocrx_word' id='word_1_39' title='bbox 673 817 789 880; x_wconf 88' lang='lat' dir='ltr'>femine</span> <span class='ocrx_word' id='word_1_40' title='bbox 810 817 847 878; x_wconf 89' lang='lat' dir='ltr'>ad</span> <span class='ocrx_word' id='word_1_41' title='bbox 867 817 1073 899; x_wconf 85' lang='lat' dir='ltr'>supradictos</span> <span class='ocrx_word' id='word_1_42' title='bbox 1088 817 1250 900; x_wconf 85' lang='lat' dir='ltr'>religiosos</span> <span class='ocrx_word' id='word_1_43' title='bbox 1265 820 1399 882; x_wconf 85' lang='lat' dir='ltr'>transire</span> 
     </span>
     <span class='ocr_line' id='line_1_6' title="bbox 104 907 1422 990; baseline 0.002 -20"><span class='ocrx_word' id='word_1_44' title='bbox 104 910 246 972; x_wconf 87' lang='lat' dir='ltr'>volumus</span> <span class='ocrx_word' id='word_1_45' title='bbox 278 929 350 972; x_wconf 91' lang='lat' dir='ltr'>enm</span> <span class='ocrx_word' id='word_1_46' title='bbox 383 909 469 970; x_wconf 94' lang='lat' dir='ltr'>omni</span> <span class='ocrx_word' id='word_1_47' title='bbox 503 909 572 970; x_wconf 89' lang='lat' dir='ltr'>iure</span> <span class='ocrx_word' id='word_1_48' title='bbox 604 914 635 970; x_wconf 89' lang='lat' dir='ltr'>et</span> <span class='ocrx_word' id='word_1_49' title='bbox 660 908 876 970; x_wconf 87' lang='lat' dir='ltr'>iurisdictione</span> <span class='ocrx_word' id='word_1_50' title='bbox 904 913 934 968; x_wconf 90' lang='lat' dir='ltr'>et</span> <span class='ocrx_word' id='word_1_51' title='bbox 962 907 1109 987; x_wconf 84' lang='lat' dir='ltr'>utilitate,</span> <span class='ocrx_word' id='word_1_52' title='bbox 1141 909 1225 990; x_wconf 89' lang='lat' dir='ltr'>quod</span> <span class='ocrx_word' id='word_1_53' title='bbox 1252 910 1344 974; x_wconf 92' lang='lat' dir='ltr'>nobis</span> <span class='ocrx_word' id='word_1_54' title='bbox 1364 911 1398 972; x_wconf 94' lang='lat' dir='ltr'>in</span> <span class='ocrx_word' id='word_1_55' title='bbox 1410 943 1422 981; x_wconf 63' lang='lat' dir='ltr'><em>s</em></span> 
     </span>
     <span class='ocr_line' id='line_1_7' title="bbox 103 994 1468 1082; baseline 0.001 -20"><span class='ocrx_word' id='word_1_56' title='bbox 103 999 215 1062; x_wconf 88' lang='lat' dir='ltr'>eisdem</span> <span class='ocrx_word' id='word_1_57' title='bbox 240 998 331 1060; x_wconf 89' lang='lat' dir='ltr'>bonis</span> <span class='ocrx_word' id='word_1_58' title='bbox 352 1019 448 1082; x_wconf 86' lang='lat' dir='ltr'>supra</span> <span class='ocrx_word' id='word_1_59' title='bbox 467 997 559 1060; x_wconf 68' lang='lat' dir='ltr'>(lictis</span> <span class='ocrx_word' id='word_1_60' title='bbox 581 997 731 1060; x_wconf 87' lang='lat' dir='ltr'>omnibus</span> <span class='ocrx_word' id='word_1_61' title='bbox 752 1003 783 1059; x_wconf 90' lang='lat' dir='ltr'>et</span> <span class='ocrx_word' id='word_1_62' title='bbox 804 995 939 1076; x_wconf 85' lang='lat' dir='ltr'>singulis</span> <span class='ocrx_word' id='word_1_63' title='bbox 957 1016 1013 1059; x_wconf 90' lang='lat' dir='ltr'>seu</span> <span class='ocrx_word' id='word_1_64' title='bbox 1034 999 1149 1060; x_wconf 89' lang='lat' dir='ltr'>uostris</span> <span class='ocrx_word' id='word_1_65' title='bbox 1164 1000 1400 1064; x_wconf 87' lang='lat' dir='ltr'>suecessoribus</span> <span class='ocrx_word' id='word_1_66' title='bbox 1464 994 1468 1003; x_wconf 76' lang='grc'><strong>’</strong></span> 
     </span>
     <span class='ocr_line' id='line_1_8' title="bbox 103 1088 1400 1172; baseline 0.002 -21"><span class='ocrx_word' id='word_1_67' title='bbox 103 1095 273 1171; x_wconf 79' lang='lat' dir='ltr'>competere</span> <span class='ocrx_word' id='word_1_68' title='bbox 293 1095 409 1172; x_wconf 70' lang='lat' dir='ltr'>posset,</span> <span class='ocrx_word' id='word_1_69' title='bbox 430 1089 501 1151; x_wconf 89' lang='lat' dir='ltr'>iure</span> <span class='ocrx_word' id='word_1_70' title='bbox 522 1089 718 1171; x_wconf 80' lang='lat' dir='ltr'>proprietatis</span> <span class='ocrx_word' id='word_1_71' title='bbox 738 1093 909 1170; x_wconf 76' lang='lat' dir='ltr'>perpetuo⁰</span> <span class='ocrx_word' id='word_1_72' title='bbox 930 1088 1150 1170; x_wconf 82' lang='lat' dir='ltr'>possidendos,</span> <span class='ocrx_word' id='word_1_73' title='bbox 1177 1092 1400 1154; x_wconf 80' lang='lat' dir='ltr'>transferentes</span> 
     </span>
     <span class='ocr_line' id='line_1_9' title="bbox 101 1177 1401 1264; baseline 0.002 -22"><span class='ocrx_word' id='word_1_74' title='bbox 101 1181 131 1242; x_wconf 91' lang='lat' dir='ltr'>in</span> <span class='ocrx_word' id='word_1_75' title='bbox 158 1199 212 1242; x_wconf 89' lang='lat' dir='ltr'>eos</span> <span class='ocrx_word' id='word_1_76' title='bbox 235 1181 286 1242; x_wconf 91' lang='lat' dir='ltr'>ius</span> <span class='ocrx_word' id='word_1_77' title='bbox 308 1179 484 1261; x_wconf 78' lang='lat' dir='ltr'>superficiei</span> <span class='ocrx_word' id='word_1_78' title='bbox 507 1184 537 1240; x_wconf 88' lang='lat' dir='ltr'>et</span> <span class='ocrx_word' id='word_1_79' title='bbox 559 1180 766 1261; x_wconf 83' lang='lat' dir='ltr'>possessionis</span> <span class='ocrx_word' id='word_1_80' title='bbox 789 1178 1061 1260; x_wconf 83' lang='lat' dir='ltr'>supradictorum</span> <span class='ocrx_word' id='word_1_81' title='bbox 1086 1177 1239 1242; x_wconf 90' lang='lat' dir='ltr'>bonorum</span> <span class='ocrx_word' id='word_1_82' title='bbox 1264 1184 1401 1264; x_wconf 84' lang='lat' dir='ltr'>presenti</span> 
     </span>
     <span class='ocr_line' id='line_1_10' title="bbox 101 1269 1402 1353; baseline 0.003 -21"><span class='ocrx_word' id='word_1_83' title='bbox 101 1272 222 1352; x_wconf 79' lang='lat' dir='ltr'>scripto,</span> <span class='ocrx_word' id='word_1_84' title='bbox 243 1290 298 1353; x_wconf 92' lang='lat' dir='ltr'>pro</span> <span class='ocrx_word' id='word_1_85' title='bbox 319 1269 501 1352; x_wconf 74' lang='lat' dir='ltr'>guarandis</span> <span class='ocrx_word' id='word_1_86' title='bbox 522 1276 552 1331; x_wconf 91' lang='lat' dir='ltr'>et</span> <span class='ocrx_word' id='word_1_87' title='bbox 571 1269 736 1332; x_wconf 77' lang='lat' dir='ltr'>evictionis</span> <span class='ocrx_word' id='word_1_88' title='bbox 757 1270 908 1332; x_wconf 84' lang='lat' dir='ltr'>concione</span> <span class='ocrx_word' id='word_1_89' title='bbox 929 1288 987 1330; x_wconf 86' lang='lat' dir='ltr'>nos</span> <span class='ocrx_word' id='word_1_90' title='bbox 1008 1289 1044 1330; x_wconf 90' lang='lat' dir='ltr'>ac</span> <span class='ocrx_word' id='word_1_91' title='bbox 1066 1275 1190 1332; x_wconf 87' lang='lat' dir='ltr'>nostros</span> <span class='ocrx_word' id='word_1_92' title='bbox 1203 1292 1402 1336; x_wconf 84' lang='lat' dir='ltr'>successores</span> 
     </span>
     <span class='ocr_line' id='line_1_11' title="bbox 102 1357 1402 1445; baseline 0.003 -23"><span class='ocrx_word' id='word_1_93' title='bbox 102 1360 301 1422; x_wconf 83' lang='lat' dir='ltr'>hereditarios</span> <span class='ocrx_word' id='word_1_94' title='bbox 328 1360 526 1422; x_wconf 87' lang='lat' dir='ltr'>iusticialiter</span> <span class='ocrx_word' id='word_1_95' title='bbox 553 1358 735 1440; x_wconf 83' lang='lat' dir='ltr'>obligantes.</span> <span class='ocrx_word' id='word_1_96' title='bbox 779 1357 815 1421; x_wconf 94' lang='lat' dir='ltr'>ln</span> <span class='ocrx_word' id='word_1_97' title='bbox 844 1359 937 1421; x_wconf 91' lang='lat' dir='ltr'>cuius</span> <span class='ocrx_word' id='word_1_98' title='bbox 966 1361 1011 1420; x_wconf 93' lang='lat' dir='ltr'>rei</span> <span class='ocrx_word' id='word_1_99' title='bbox 1034 1360 1250 1424; x_wconf 90' lang='lat' dir='ltr'>testimonium</span> <span class='ocrx_word' id='word_1_100' title='bbox 1272 1381 1402 1445; x_wconf 88' lang='lat' dir='ltr'>presens</span> 
     </span>
     <span class='ocr_line' id='line_1_12' title="bbox 100 1449 1401 1532; baseline 0.003 -20"><span class='ocrx_word' id='word_1_101' title='bbox 100 1453 250 1532; x_wconf 85' lang='lat' dir='ltr'>scriptum</span> <span class='ocrx_word' id='word_1_102' title='bbox 283 1451 360 1531; x_wconf 86' lang='lat' dir='ltr'>ipsis</span> <span class='ocrx_word' id='word_1_103' title='bbox 392 1449 538 1512; x_wconf 83' lang='lat' dir='ltr'>dedimus</span> <span class='ocrx_word' id='word_1_104' title='bbox 568 1456 749 1512; x_wconf 86' lang='lat' dir='ltr'>nostrorum</span> <span class='ocrx_word' id='word_1_105' title='bbox 781 1449 955 1530; x_wconf 86' lang='lat' dir='ltr'>sigillorum</span> <span class='ocrx_word' id='word_1_106' title='bbox 992 1451 1185 1513; x_wconf 75' lang='lat' dir='ltr'>moniminas</span> <span class='ocrx_word' id='word_1_107' title='bbox 1210 1452 1401 1516; x_wconf 87' lang='lat' dir='ltr'>roboratum.</span> 
     </span>
     <span class='ocr_line' id='line_1_13' title="bbox 100 1537 1403 1618; baseline 0.004 -16"><span class='ocrx_word' id='word_1_108' title='bbox 100 1539 217 1603; x_wconf 87' lang='lat' dir='ltr'>Datum</span> <span class='ocrx_word' id='word_1_109' title='bbox 239 1561 324 1602; x_wconf 89' lang='lat' dir='ltr'>anno</span> <span class='ocrx_word' id='word_1_110' title='bbox 346 1541 465 1604; x_wconf 90' lang='lat' dir='ltr'>domini</span> <span class='ocrx_word' id='word_1_111' title='bbox 488 1549 727 1618; x_wconf 68' lang='lat' dir='ltr'>M⁰CCU⁰XVlt</span> <span class='ocrx_word' id='word_1_112' title='bbox 745 1540 778 1602; x_wconf 91' lang='lat' dir='ltr'>in</span> <span class='ocrx_word' id='word_1_113' title='bbox 800 1540 850 1602; x_wconf 89' lang='lat' dir='ltr'>die</span> <span class='ocrx_word' id='word_1_114' title='bbox 865 1541 964 1603; x_wconf 87' lang='lat' dir='ltr'>saneti</span> <span class='ocrx_word' id='word_1_115' title='bbox 976 1537 1151 1606; x_wconf 76' lang='lat' dir='ltr'>laurencii.</span> <span class='ocrx_word' id='word_1_116' title='bbox 1182 1540 1288 1606; x_wconf 83' lang='lat' dir='ltr'>Testes</span> <span class='ocrx_word' id='word_1_117' title='bbox 1307 1545 1403 1606; x_wconf 85' lang='lat' dir='ltr'>huius</span> 
     </span>
     <span class='ocr_line' id='line_1_14' title="bbox 99 1628 1403 1709; baseline 0.003 -17"><span class='ocrx_word' id='word_1_118' title='bbox 99 1638 174 1692; x_wconf 88' lang='lat' dir='ltr'>sunt</span> <span class='ocrx_word' id='word_1_119' title='bbox 204 1629 299 1693; x_wconf 86' lang='lat' dir='ltr'>irater</span> <span class='ocrx_word' id='word_1_120' title='bbox 323 1628 495 1694; x_wconf 86' lang='lat' dir='ltr'>Heinricus</span> <span class='ocrx_word' id='word_1_121' title='bbox 520 1632 623 1694; x_wconf 86' lang='lat' dir='ltr'>dietus</span> <span class='ocrx_word' id='word_1_122' title='bbox 645 1631 762 1709; x_wconf 77' lang='lat' dir='ltr'>Olane,</span> <span class='ocrx_word' id='word_1_123' title='bbox 788 1630 884 1692; x_wconf 88' lang='lat' dir='ltr'>irater</span> <span class='ocrx_word' id='word_1_124' title='bbox 903 1629 1067 1692; x_wconf 83' lang='lat' dir='ltr'>Conradus</span> <span class='ocrx_word' id='word_1_125' title='bbox 1087 1630 1191 1694; x_wconf 89' lang='lat' dir='ltr'>dietus</span> <span class='ocrx_word' id='word_1_126' title='bbox 1212 1632 1250 1694; x_wconf 88' lang='lat' dir='ltr'>dc</span> <span class='ocrx_word' id='word_1_127' title='bbox 1271 1633 1403 1696; x_wconf 88' lang='lat' dir='ltr'>Heseler</span> 
     </span>
     <span class='ocr_line' id='line_1_15' title="bbox 100 1719 1402 1800; baseline 0.004 -19"><span class='ocrx_word' id='word_1_128' title='bbox 100 1720 244 1781; x_wconf 81' lang='lat' dir='ltr'>nronaelli</span> <span class='ocrx_word' id='word_1_129' title='bbox 268 1720 301 1781; x_wconf 92' lang='lat' dir='ltr'>in</span> <span class='ocrx_word' id='word_1_130' title='bbox 324 1719 916 1800; x_wconf 76' lang='lat' dir='ltr'>Porta‚fraterflein1·icusdictusda</span> <span class='ocrx_word' id='word_1_131' title='bbox 940 1719 1096 1800; x_wconf 86' lang='lat' dir='ltr'>Vileborn‚</span> <span class='ocrx_word' id='word_1_132' title='bbox 1123 1721 1217 1784; x_wconf 83' lang='lat' dir='ltr'>irater</span> <span class='ocrx_word' id='word_1_133' title='bbox 1239 1722 1402 1786; x_wconf 79' lang='lat' dir='ltr'>Gouradus</span> 
     </span>
     <span class='ocr_line' id='line_1_16' title="bbox 98 1808 1403 1892; baseline 0.002 -21"><span class='ocrx_word' id='word_1_134' title='bbox 98 1811 202 1872; x_wconf 88' lang='lat' dir='ltr'>dietus</span> <span class='ocrx_word' id='word_1_135' title='bbox 223 1808 371 1874; x_wconf 84' lang='lat' dir='ltr'>Ysenbut</span> <span class='ocrx_word' id='word_1_136' title='bbox 391 1812 536 1874; x_wconf 86' lang='lat' dir='ltr'>conversi</span> <span class='ocrx_word' id='word_1_137' title='bbox 556 1810 683 1888; x_wconf 77' lang='lat' dir='ltr'>ibidem,</span> <span class='ocrx_word' id='word_1_138' title='bbox 704 1810 855 1874; x_wconf 84' lang='lat' dir='ltr'>Albertus</span> <span class='ocrx_word' id='word_1_139' title='bbox 876 1809 1098 1889; x_wconf 66' lang='lat' dir='ltr'>dictusNaeirt,</span> <span class='ocrx_word' id='word_1_140' title='bbox 1118 1811 1222 1874; x_wconf 89' lang='lat' dir='ltr'>Heine</span> <span class='ocrx_word' id='word_1_141' title='bbox 1244 1821 1277 1876; x_wconf 92' lang='lat' dir='ltr'>et</span> <span class='ocrx_word' id='word_1_142' title='bbox 1291 1812 1403 1892; x_wconf 69' lang='lat' dir='ltr'>Tyren</span> 
     </span>
     <span class='ocr_line' id='line_1_17' title="bbox 98 1899 1402 1984; baseline 0.002 -22"><span class='ocrx_word' id='word_1_143' title='bbox 98 1902 202 1982; x_wconf 89' lang='lat' dir='ltr'>patrui</span> <span class='ocrx_word' id='word_1_144' title='bbox 235 1901 298 1979; x_wconf 72' lang='lat' dir='ltr'>sui,</span> <span class='ocrx_word' id='word_1_145' title='bbox 333 1901 524 1965; x_wconf 80' lang='lat' dir='ltr'>Bartoldush</span> <span class='ocrx_word' id='word_1_146' title='bbox 556 1903 725 1982; x_wconf 75' lang='lat' dir='ltr'>(ruotheri,</span> <span class='ocrx_word' id='word_1_147' title='bbox 754 1900 906 1964; x_wconf 87' lang='lat' dir='ltr'>Albertus</span> <span class='ocrx_word' id='word_1_148' title='bbox 938 1901 976 1963; x_wconf 91' lang='lat' dir='ltr'>de</span> <span class='ocrx_word' id='word_1_149' title='bbox 1002 1899 1186 1983; x_wconf 85' lang='lat' dir='ltr'>Bozseygen</span> <span class='ocrx_word' id='word_1_150' title='bbox 1215 1903 1341 1984; x_wconf 90' lang='lat' dir='ltr'>opidani</span> <span class='ocrx_word' id='word_1_151' title='bbox 1368 1904 1402 1964; x_wconf 90' lang='lat' dir='ltr'>in</span> 
     </span>
     <span class='ocr_line' id='line_1_18' title="bbox 98 1989 686 2073; baseline 0.009 -22"><span class='ocrx_word' id='word_1_152' title='bbox 98 1989 361 2054; x_wconf 79' lang='lat' dir='ltr'>llimoldeloibeni</span> <span class='ocrx_word' id='word_1_153' title='bbox 383 1997 415 2056; x_wconf 88' lang='lat' dir='ltr'>et</span> <span class='ocrx_word' id='word_1_154' title='bbox 435 1993 487 2054; x_wconf 90' lang='lat' dir='ltr'>alii</span> <span class='ocrx_word' id='word_1_155' title='bbox 509 1991 570 2054; x_wconf 88' lang='lat' dir='ltr'>fide</span> <span class='ocrx_word' id='word_1_156' title='bbox 590 1991 686 2073; x_wconf 81' lang='lat' dir='ltr'>digni.</span> 
     </span>
    </p>
   </div>
   <div class='ocr_carea' id='block_1_3' title="bbox 94 2115 1408 2349">
    <p class='ocr_par' dir='ltr' id='par_1_3' title="bbox 94 2115 1408 2349">
     <span class='ocr_line' id='line_1_19' title="bbox 168 2115 1404 2196; baseline 0.002 -20"><span class='ocrx_word' id='word_1_157' title='bbox 168 2123 401 2179; x_wconf 77' lang='lat' dir='ltr'>&#39;HermanniT</span> <span class='ocrx_word' id='word_1_158' title='bbox 440 2121 495 2196; x_wconf 79' lang='lat' dir='ltr'>Vpl.</span> <span class='ocrx_word' id='word_1_159' title='bbox 514 2125 630 2179; x_wconf 65' lang='lat' dir='ltr'>Naana</span> <span class='ocrx_word' id='word_1_160' title='bbox 735 2115 920 2178; x_wconf 82' lang='lat' dir='ltr'>hendeleibin</span> <span class='ocrx_word' id='word_1_161' title='bbox 945 2123 975 2176; x_wconf 93' lang='lat' dir='ltr'><em>D</em></span> <span class='ocrx_word' id='word_1_162' title='bbox 1012 2123 1048 2176; x_wconf 86' lang='lat' dir='ltr'>So</span> <span class='ocrx_word' id='word_1_163' title='bbox 1065 2123 1136 2176; x_wconf 74' lang='lat' dir='ltr'>atreb</span> <span class='ocrx_word' id='word_1_164' title='bbox 1157 2123 1227 2177; x_wconf 79' lang='lat' dir='ltr'>Tin</span> <span class='ocrx_word' id='word_1_165' title='bbox 1243 2124 1291 2177; x_wconf 79' lang='lat' dir='ltr'>der</span> <span class='ocrx_word' id='word_1_166' title='bbox 1313 2126 1404 2179; x_wconf 81' lang='lat' dir='ltr'>Uabcr·</span> 
     </span>
     <span class='ocr_line' id='line_1_20' title="bbox 94 2194 1408 2282; baseline 0.003 -28"><span class='ocrx_word' id='word_1_167' title='bbox 94 2203 194 2282; x_wconf 51' lang='lat' dir='ltr'>aclrrjili</span> <span class='ocrx_word' id='word_1_168' title='bbox 273 2205 535 2276; x_wconf 74' lang='lat' dir='ltr'>cvealdegligehT</span> <span class='ocrx_word' id='word_1_169' title='bbox 611 2194 846 2274; x_wconf 69' lang='lat' dir='ltr'>“oppidanual&#39;</span> <span class='ocrx_word' id='word_1_170' title='bbox 921 2203 1082 2272; x_wconf 79' lang='lat' dir='ltr'>⁰perpetue</span> <span class='ocrx_word' id='word_1_171' title='bbox 1099 2202 1129 2255; x_wconf 92' lang='lat' dir='ltr'><strong><em>D</em></strong></span> <span class='ocrx_word' id='word_1_172' title='bbox 1210 2195 1359 2259; x_wconf 65' lang='lat' dir='ltr'>‘munima</span> <span class='ocrx_word' id='word_1_173' title='bbox 1383 2206 1408 2258; x_wconf 85' lang='lat' dir='ltr'><em>T</em></span> 
     </span>
     <span class='ocr_line' id='line_1_21' title="bbox 96 2274 1040 2349; baseline -0.002 -12"><span class='ocrx_word' id='word_1_174' title='bbox 96 2287 160 2337; x_wconf 58' lang='lat' dir='ltr'>trth</span> <span class='ocrx_word' id='word_1_175' title='bbox 180 2285 210 2338; x_wconf 92' lang='lat' dir='ltr'><em>D</em></span> <span class='ocrx_word' id='word_1_176' title='bbox 280 2274 354 2341; x_wconf 71' lang='lat' dir='ltr'>hBi.</span> <span class='ocrx_word' id='word_1_177' title='bbox 375 2287 403 2340; x_wconf 90' lang='lat' dir='ltr'><em>D</em></span> <span class='ocrx_word' id='word_1_178' title='bbox 472 2279 902 2340; x_wconf 67' lang='lat' dir='ltr'>iailbertus—llimoldcloiben</span> <span class='ocrx_word' id='word_1_179' title='bbox 924 2283 1040 2349; x_wconf 74' lang='lat' dir='ltr'>sediti)</span> 
     </span>
    </p>
   </div>
   <div class='ocr_carea' id='block_1_4' title="bbox 172 2397 1406 2467">
    <p class='ocr_par' dir='ltr' id='par_1_4' title="bbox 172 2397 1406 2467">
     <span class='ocr_line' id='line_1_22' title="bbox 172 2397 1406 2467; baseline 0.002 -15"><span class='ocrx_word' id='word_1_180' title='bbox 172 2402 179 2430; x_wconf 95' lang='lat'>¹</span> <span class='ocrx_word' id='word_1_181' title='bbox 200 2399 496 2454; x_wconf 65' lang='lat' dir='ltr'>inanimatorum</span> <span class='ocrx_word' id='word_1_182' title='bbox 509 2400 656 2467; x_wconf 71' lang='lat' dir='ltr'>jaderisalia</span> <span class='ocrx_word' id='word_1_183' title='bbox 674 2399 744 2452; x_wconf 79' lang='lat' dir='ltr'>unire</span> <span class='ocrx_word' id='word_1_184' title='bbox 764 2398 921 2452; x_wconf 74' lang='lat' dir='ltr'>Verecundte</span> <span class='ocrx_word' id='word_1_185' title='bbox 936 2397 995 2450; x_wconf 75' lang='lat' dir='ltr'>uiui</span> <span class='ocrx_word' id='word_1_186' title='bbox 1013 2399 1336 2453; x_wconf 59' lang='lat' dir='ltr'>mathemucorum</span> <span class='ocrx_word' id='word_1_187' title='bbox 1356 2403 1406 2455; x_wconf 81' lang='lat' dir='ltr'>mit</span> 
     </span>
    </p>
   </div>
   <div class='ocr_carea' id='block_1_5' title="bbox 93 2479 1404 2696">
    <p class='ocr_par' dir='ltr' id='par_1_5' title="bbox 93 2479 1404 2696">
     <span class='ocr_line' id='line_1_23' title="bbox 94 2479 1403 2549; baseline 0 -14"><span class='ocrx_word' id='word_1_188' title='bbox 94 2483 149 2535; x_wconf 82' lang='lat' dir='ltr'>den</span> <span class='ocrx_word' id='word_1_189' title='bbox 168 2482 199 2532; x_wconf 82' lang='lat' dir='ltr'>in</span> <span class='ocrx_word' id='word_1_190' title='bbox 217 2479 270 2535; x_wconf 84' lang='lat' dir='ltr'>Nr.</span> <span class='ocrx_word' id='word_1_191' title='bbox 283 2484 335 2534; x_wconf 77' lang='lat'>349</span> <span class='ocrx_word' id='word_1_192' title='bbox 352 2485 507 2549; x_wconf 74' lang='lat' dir='ltr'>pannonica</span> <span class='ocrx_word' id='word_1_193' title='bbox 524 2481 671 2544; x_wconf 57' lang='lat' dir='ltr'>hionnam,</span> <span class='ocrx_word' id='word_1_194' title='bbox 697 2479 872 2531; x_wconf 78' lang='lat' dir='ltr'>Heinemaeu</span> <span class='ocrx_word' id='word_1_195' title='bbox 894 2479 954 2531; x_wconf 76' lang='lat' dir='ltr'>itud</span> <span class='ocrx_word' id='word_1_196' title='bbox 973 2479 1054 2547; x_wconf 72' lang='lat' dir='ltr'>liupo</span> <span class='ocrx_word' id='word_1_197' title='bbox 1071 2496 1122 2532; x_wconf 75' lang='lat' dir='ltr'>wo</span> <span class='ocrx_word' id='word_1_198' title='bbox 1141 2479 1309 2546; x_wconf 74' lang='lat' dir='ltr'>Hcr‘baleben,</span> <span class='ocrx_word' id='word_1_199' title='bbox 1329 2483 1403 2535; x_wconf 74' lang='lat' dir='ltr'>beaw.</span> 
     </span>
     <span class='ocr_line' id='line_1_24' title="bbox 94 2558 1404 2628; baseline 0.001 -14"><span class='ocrx_word' id='word_1_200' title='bbox 94 2563 180 2616; x_wconf 81' lang='lat' dir='ltr'>deren</span> <span class='ocrx_word' id='word_1_201' title='bbox 198 2560 293 2614; x_wconf 66' lang='lat' dir='ltr'>&amp;idne</span> <span class='ocrx_word' id='word_1_202' title='bbox 383 2558 872 2628; x_wconf 69' lang='lat' dir='ltr'>’NacoNr.4eetapEmte1a›m,</span> <span class='ocrx_word' id='word_1_203' title='bbox 893 2561 1060 2624; x_wconf 74' lang='lat' dir='ltr'>jetrtuuiat,</span> <span class='ocrx_word' id='word_1_204' title='bbox 1085 2561 1218 2614; x_wconf 73' lang='lat' dir='ltr'>zwisalten</span> <span class='ocrx_word' id='word_1_205' title='bbox 1243 2561 1326 2614; x_wconf 82' lang='lat' dir='ltr'>Velrra</span> <span class='ocrx_word' id='word_1_206' title='bbox 1345 2563 1404 2614; x_wconf 75' lang='lat' dir='ltr'>ona</span> 
     </span>
     <span class='ocr_line' id='line_1_25' title="bbox 93 2643 256 2696; baseline -0.012 0"><span class='ocrx_word' id='word_1_207' title='bbox 93 2643 256 2696; x_wconf 83' lang='lat' dir='ltr'>Huaateten.</span> 
     </span>
    </p>
   </div>
   <div class='ocr_carea' id='block_1_6' title="bbox 91 2869 1405 2958">
    <p class='ocr_par' dir='ltr' id='par_1_6' title="bbox 91 2869 1405 2958">
     <span class='ocr_line' id='line_1_26' title="bbox 91 2869 1405 2958; baseline 0.004 -6"><span class='ocrx_word' id='word_1_208' title='bbox 91 2873 208 2954; x_wconf 69' lang='lat'><strong>1317.</strong></span> <span class='ocrx_word' id='word_1_209' title='bbox 238 2870 426 2954; x_wconf 80' lang='lat' dir='ltr'>Oktober</span> <span class='ocrx_word' id='word_1_210' title='bbox 442 2871 480 2952; x_wconf 74' lang='lat'>5.</span> <span class='ocrx_word' id='word_1_211' title='bbox 512 2869 698 2952; x_wconf 78' lang='lat' dir='ltr'>Falrner.</span> <span class='ocrx_word' id='word_1_212' title='bbox 1315 2874 1405 2958; x_wconf 71' lang='lat' dir='ltr'>tta.</span> 
     </span>
    </p>
   </div>
   <div class='ocr_carea' id='block_1_7' title="bbox 137 3015 1407 3277">
    <p class='ocr_par' dir='ltr' id='par_1_7' title="bbox 137 3015 1407 3277">
     <span class='ocr_line' id='line_1_27' title="bbox 181 3015 1407 3098; baseline 0.002 -19"><span class='ocrx_word' id='word_1_213' title='bbox 181 3017 335 3080; x_wconf 74' lang='lat' dir='ltr'>Heinrich</span> <span class='ocrx_word' id='word_1_214' title='bbox 364 3017 455 3098; x_wconf 69' lang='lat' dir='ltr'>(iras</span> <span class='ocrx_word' id='word_1_215' title='bbox 471 3017 505 3078; x_wconf 80' lang='lat' dir='ltr'>iu</span> <span class='ocrx_word' id='word_1_216' title='bbox 526 3015 732 3094; x_wconf 74' lang='lat' dir='ltr'>Beielrlinoeu</span> <span class='ocrx_word' id='word_1_217' title='bbox 759 3015 899 3095; x_wconf 58' lang='lat' dir='ltr'>restatur</span> <span class='ocrx_word' id='word_1_218' title='bbox 923 3015 991 3078; x_wconf 84' lang='lat' dir='ltr'>dem</span> <span class='ocrx_word' id='word_1_219' title='bbox 1017 3015 1144 3079; x_wconf 85' lang='lat' dir='ltr'>Kloster</span> <span class='ocrx_word' id='word_1_220' title='bbox 1166 3017 1273 3095; x_wconf 77' lang='lat' dir='ltr'>Psorte</span> <span class='ocrx_word' id='word_1_221' title='bbox 1299 3017 1407 3082; x_wconf 81' lang='lat' dir='ltr'>Albert</span> 
     </span>
     <span class='ocr_line' id='line_1_28' title="bbox 137 3105 1407 3186; baseline 0 -16"><span class='ocrx_word' id='word_1_222' title='bbox 137 3127 200 3170; x_wconf 80' lang='lat' dir='ltr'>oon</span> <span class='ocrx_word' id='word_1_223' title='bbox 226 3106 412 3170; x_wconf 83' lang='lat' dir='ltr'>Herbsteben</span> <span class='ocrx_word' id='word_1_224' title='bbox 439 3108 610 3186; x_wconf 74' lang='lat' dir='ltr'>pependber</span> <span class='ocrx_word' id='word_1_225' title='bbox 641 3107 701 3168; x_wconf 81' lang='lat' dir='ltr'>den</span> <span class='ocrx_word' id='word_1_226' title='bbox 731 3105 838 3170; x_wconf 77' lang='lat' dir='ltr'>Besitr</span> <span class='ocrx_word' id='word_1_227' title='bbox 862 3108 917 3168; x_wconf 78' lang='lat' dir='ltr'>des</span> <span class='ocrx_word' id='word_1_228' title='bbox 943 3106 1065 3169; x_wconf 76' lang='lat' dir='ltr'>ld&#39;elrres</span> <span class='ocrx_word' id='word_1_229' title='bbox 1093 3107 1129 3168; x_wconf 83' lang='lat' dir='ltr'>iu</span> <span class='ocrx_word' id='word_1_230' title='bbox 1158 3108 1213 3169; x_wconf 85' lang='lat' dir='ltr'>der</span> <span class='ocrx_word' id='word_1_231' title='bbox 1241 3108 1336 3172; x_wconf 81' lang='lat' dir='ltr'>Saule</span> <span class='ocrx_word' id='word_1_232' title='bbox 1361 3109 1407 3172; x_wconf 80' lang='lat' dir='ltr'>bei</span> 
     </span>
     <span class='ocr_line' id='line_1_29' title="bbox 141 3195 610 3277; baseline -0.009 -16"><span class='ocrx_word' id='word_1_233' title='bbox 141 3198 327 3276; x_wconf 72' lang='lat' dir='ltr'>Gleissbery.</span> <span class='ocrx_word' id='word_1_234' title='bbox 377 3195 441 3277; x_wconf 78' lang='lat' dir='ltr'>Vyl.</span> <span class='ocrx_word' id='word_1_235' title='bbox 463 3195 522 3259; x_wconf 89' lang='lat' dir='ltr'>Nr.</span> <span class='ocrx_word' id='word_1_236' title='bbox 538 3199 610 3260; x_wconf 82' lang='lat'><strong><em>315.</em></strong></span> 
     </span>
    </p>
   </div>
   <div class='ocr_carea' id='block_1_8' title="bbox 252 3323 1382 3484">
    <p class='ocr_par' dir='ltr' id='par_1_8' title="bbox 252 3323 1382 3484">
     <span class='ocr_line' id='line_1_30' title="bbox 252 3323 504 3378; baseline -0.004 0"><span class='ocrx_word' id='word_1_237' title='bbox 252 3324 388 3378; x_wconf 64' lang='lat' dir='ltr'>Harena:</span> <span class='ocrx_word' id='word_1_238' title='bbox 411 3323 504 3378; x_wconf 79' lang='lat' dir='ltr'><strong><em>T219.</em></strong></span> 
     </span>
     <span class='ocr_line' id='line_1_31' title="bbox 253 3413 1382 3484; baseline 0.002 -14"><span class='ocrx_word' id='word_1_239' title='bbox 253 3417 367 3470; x_wconf 76' lang='lat' dir='ltr'>rauce.-</span> <span class='ocrx_word' id='word_1_240' title='bbox 385 3415 522 3470; x_wconf 82' lang='lat' dir='ltr'>Deutaclr:</span> <span class='ocrx_word' id='word_1_241' title='bbox 546 3415 631 3483; x_wconf 74' lang='lat' dir='ltr'>Wolff</span> <span class='ocrx_word' id='word_1_242' title='bbox 645 3415 687 3482; x_wconf 83' lang='grc' dir='ltr'>Π,</span> <span class='ocrx_word' id='word_1_243' title='bbox 704 3417 763 3468; x_wconf 87' lang='grc'><em>368.</em></span> <span class='ocrx_word' id='word_1_244' title='bbox 807 3413 862 3483; x_wconf 79' lang='lat' dir='ltr'>Vpl.</span> <span class='ocrx_word' id='word_1_245' title='bbox 882 3415 985 3470; x_wconf 82' lang='lat' dir='ltr'>Ztaclrr.</span> <span class='ocrx_word' id='word_1_246' title='bbox 999 3415 1026 3470; x_wconf 88' lang='lat' dir='ltr'>d.</span> <span class='ocrx_word' id='word_1_247' title='bbox 1040 3415 1219 3472; x_wconf 69' lang='lat' dir='ltr'>Harmoniae</span> <span class='ocrx_word' id='word_1_248' title='bbox 1234 3415 1307 3484; x_wconf 83' lang='lat' dir='ltr'><strong><em>XII,</em></strong></span> <span class='ocrx_word' id='word_1_249' title='bbox 1323 3423 1382 3472; x_wconf 83' lang='lat'><em>569.</em></span> 
     </span>
    </p>
   </div>
   <div class='ocr_carea' id='block_1_9' title="bbox 64 3537 1409 4433">
    <p class='ocr_par' dir='ltr' id='par_1_9' title="bbox 64 3537 1409 4433">
     <span class='ocr_line' id='line_1_32' title="bbox 182 3537 1407 3624; baseline 0 -19"><span class='ocrx_word' id='word_1_250' title='bbox 182 3539 242 3605; x_wconf 91' lang='lat' dir='ltr'>Dei</span> <span class='ocrx_word' id='word_1_251' title='bbox 277 3539 382 3623; x_wconf 84' lang='lat' dir='ltr'>gracia</span> <span class='ocrx_word' id='word_1_252' title='bbox 419 3559 477 3602; x_wconf 83' lang='lat' dir='ltr'>noa</span> <span class='ocrx_word' id='word_1_253' title='bbox 506 3538 679 3602; x_wconf 88' lang='lat' dir='ltr'>Heinrieus</span> <span class='ocrx_word' id='word_1_254' title='bbox 709 3557 815 3601; x_wconf 87' lang='lat' dir='ltr'>comes</span> <span class='ocrx_word' id='word_1_255' title='bbox 845 3540 879 3600; x_wconf 94' lang='lat' dir='ltr'>in</span> <span class='ocrx_word' id='word_1_256' title='bbox 910 3537 1114 3622; x_wconf 85' lang='lat' dir='ltr'>Bichelingen</span> <span class='ocrx_word' id='word_1_257' title='bbox 1151 3545 1407 3624; x_wconf 84' lang='lat' dir='ltr'>recognoscimus</span> 
     </span>
     <span class='ocr_line' id='line_1_33' title="bbox 80 3629 1407 3714; baseline -0.002 -15"><span class='ocrx_word' id='word_1_258' title='bbox 80 3643 211 3699; x_wconf 89' lang='lat' dir='ltr'>tenore</span> <span class='ocrx_word' id='word_1_259' title='bbox 246 3631 440 3714; x_wconf 89' lang='lat' dir='ltr'>presentium</span> <span class='ocrx_word' id='word_1_260' title='bbox 476 3631 664 3710; x_wconf 84' lang='lat' dir='ltr'>litterarum,</span> <span class='ocrx_word' id='word_1_261' title='bbox 703 3629 787 3711; x_wconf 90' lang='lat' dir='ltr'>quod</span> <span class='ocrx_word' id='word_1_262' title='bbox 823 3630 1014 3692; x_wconf 85' lang='lat' dir='ltr'>constitutus</span> <span class='ocrx_word' id='word_1_263' title='bbox 1044 3631 1078 3714; x_wconf 90' lang='lat' dir='ltr'>in</span> <span class='ocrx_word' id='word_1_264' title='bbox 1109 3637 1217 3694; x_wconf 89' lang='lat' dir='ltr'>nostra</span> <span class='ocrx_word' id='word_1_265' title='bbox 1251 3635 1407 3714; x_wconf 89' lang='lat' dir='ltr'>presentia</span> 
     </span>
     <span class='ocr_line' id='line_1_34' title="bbox 80 3718 1406 3802; baseline -0.002 -14"><span class='ocrx_word' id='word_1_266' title='bbox 80 3734 276 3788; x_wconf 87' lang='lat' dir='ltr'>strennuus</span> <span class='ocrx_word' id='word_1_267' title='bbox 305 3721 396 3784; x_wconf 87' lang='lat' dir='ltr'>miles</span> <span class='ocrx_word' id='word_1_268' title='bbox 425 3719 595 3784; x_wconf 88' lang='lat' dir='ltr'>Heinrieus</span> <span class='ocrx_word' id='word_1_269' title='bbox 624 3721 662 3782; x_wconf 91' lang='lat' dir='ltr'>de</span> <span class='ocrx_word' id='word_1_270' title='bbox 688 3718 910 3802; x_wconf 86' lang='lat' dir='ltr'>Sangerlrusen</span> <span class='ocrx_word' id='word_1_271' title='bbox 938 3722 1075 3783; x_wconf 86' lang='lat' dir='ltr'>asseruit</span> <span class='ocrx_word' id='word_1_272' title='bbox 1105 3728 1136 3784; x_wconf 90' lang='lat' dir='ltr'>et</span> <span class='ocrx_word' id='word_1_273' title='bbox 1161 3721 1296 3785; x_wconf 88' lang='lat' dir='ltr'>fideliter</span> <span class='ocrx_word' id='word_1_274' title='bbox 1324 3723 1406 3785; x_wconf 89' lang='lat' dir='ltr'>affir-</span> 
     </span>
     <span class='ocr_line' id='line_1_35' title="bbox 78 3809 1407 3898; baseline -0.002 -19"><span class='ocrx_word' id='word_1_275' title='bbox 78 3814 211 3889; x_wconf 76' lang='lat' dir='ltr'>mavit,</span> <span class='ocrx_word' id='word_1_276' title='bbox 233 3811 316 3895; x_wconf 89' lang='lat' dir='ltr'>quod</span> <span class='ocrx_word' id='word_1_277' title='bbox 340 3811 469 3874; x_wconf 88' lang='lat' dir='ltr'>Alberto</span> <span class='ocrx_word' id='word_1_278' title='bbox 490 3811 528 3874; x_wconf 93' lang='lat' dir='ltr'>de</span> <span class='ocrx_word' id='word_1_279' title='bbox 545 3810 802 3891; x_wconf 83' lang='lat' dir='ltr'>Heruersloyben</span> <span class='ocrx_word' id='word_1_280' title='bbox 823 3811 858 3871; x_wconf 93' lang='lat' dir='ltr'>in</span> <span class='ocrx_word' id='word_1_281' title='bbox 880 3809 1041 3874; x_wconf 84' lang='lat' dir='ltr'>obstaculo</span> <span class='ocrx_word' id='word_1_282' title='bbox 1063 3831 1155 3896; x_wconf 70' lang='lat' dir='ltr'>aque,</span> <span class='ocrx_word' id='word_1_283' title='bbox 1178 3814 1261 3896; x_wconf 88' lang='lat' dir='ltr'>quod</span> <span class='ocrx_word' id='word_1_284' title='bbox 1284 3815 1407 3898; x_wconf 90' lang='lat' dir='ltr'>proprie</span> 
     </span>
     <span class='ocr_line' id='line_1_36' title="bbox 77 3899 1408 3983; baseline -0.004 -14"><span class='ocrx_word' id='word_1_285' title='bbox 77 3907 220 3969; x_wconf 87' lang='lat' dir='ltr'>dieitur</span> <span class='ocrx_word' id='word_1_286' title='bbox 247 3921 326 3982; x_wconf 72' lang='lat' dir='ltr'>uer,</span> <span class='ocrx_word' id='word_1_287' title='bbox 367 3903 401 3962; x_wconf 93' lang='lat' dir='ltr'>in</span> <span class='ocrx_word' id='word_1_288' title='bbox 435 3901 534 3964; x_wconf 85' lang='lat' dir='ltr'>tiuvie</span> <span class='ocrx_word' id='word_1_289' title='bbox 568 3900 640 3964; x_wconf 83' lang='lat' dir='ltr'>Sala</span> <span class='ocrx_word' id='word_1_290' title='bbox 669 3919 765 3983; x_wconf 89' lang='lat' dir='ltr'>prope</span> <span class='ocrx_word' id='word_1_291' title='bbox 797 3899 944 3982; x_wconf 84' lang='lat' dir='ltr'>Glizberg</span> <span class='ocrx_word' id='word_1_292' title='bbox 974 3903 1072 3963; x_wconf 87' lang='lat' dir='ltr'>nichil</span> <span class='ocrx_word' id='word_1_293' title='bbox 1110 3903 1189 3965; x_wconf 87' lang='lat' dir='ltr'>iuris</span> <span class='ocrx_word' id='word_1_294' title='bbox 1224 3904 1408 3981; x_wconf 85' lang='lat' dir='ltr'>vendiderit,</span> 
     </span>
     <span class='ocr_line' id='line_1_37' title="bbox 73 3990 1408 4073; baseline -0.003 -14"><span class='ocrx_word' id='word_1_295' title='bbox 73 3993 366 4059; x_wconf 81' lang='lat' dir='ltr'>demonstraverit</span> <span class='ocrx_word' id='word_1_296' title='bbox 388 4009 445 4053; x_wconf 89' lang='lat' dir='ltr'>nee</span> <span class='ocrx_word' id='word_1_297' title='bbox 458 3991 674 4073; x_wconf 77' lang='lat' dir='ltr'>assignaverit,</span> <span class='ocrx_word' id='word_1_298' title='bbox 695 3991 748 4052; x_wconf 88' lang='lat' dir='ltr'>sed</span> <span class='ocrx_word' id='word_1_299' title='bbox 761 3990 937 4052; x_wconf 89' lang='lat' dir='ltr'>secundum</span> <span class='ocrx_word' id='word_1_300' title='bbox 951 3992 1034 4073; x_wconf 87' lang='lat' dir='ltr'>quod</span> <span class='ocrx_word' id='word_1_301' title='bbox 1050 3992 1243 4054; x_wconf 87' lang='lat' dir='ltr'>honorabilis</span> <span class='ocrx_word' id='word_1_302' title='bbox 1259 3993 1408 4056; x_wconf 91' lang='lat' dir='ltr'>dominns</span> 
     </span>
     <span class='ocr_line' id='line_1_38' title="bbox 71 4079 1409 4164; baseline -0.003 -15"><span class='ocrx_word' id='word_1_303' title='bbox 71 4085 201 4149; x_wconf 82' lang='lat' dir='ltr'>abbas</span> <span class='ocrx_word' id='word_1_304' title='bbox 222 4081 383 4144; x_wconf 88' lang='lat' dir='ltr'>Portensis</span> <span class='ocrx_word' id='word_1_305' title='bbox 411 4088 442 4144; x_wconf 88' lang='lat' dir='ltr'>et</span> <span class='ocrx_word' id='word_1_306' title='bbox 468 4087 645 4144; x_wconf 86' lang='lat' dir='ltr'>conventus</span> <span class='ocrx_word' id='word_1_307' title='bbox 666 4082 772 4162; x_wconf 86' lang='lat' dir='ltr'>ipsum</span> <span class='ocrx_word' id='word_1_308' title='bbox 794 4079 993 4142; x_wconf 82' lang='lat' dir='ltr'>obstaculum</span> <span class='ocrx_word' id='word_1_309' title='bbox 1015 4081 1054 4142; x_wconf 90' lang='lat' dir='ltr'>ab</span> <span class='ocrx_word' id='word_1_310' title='bbox 1075 4084 1206 4164; x_wconf 90' lang='lat' dir='ltr'>antiquo</span> <span class='ocrx_word' id='word_1_311' title='bbox 1227 4088 1409 4161; x_wconf 85' lang='lat' dir='ltr'>tenuerunt,</span> 
     </span>
     <span class='ocr_line' id='line_1_39' title="bbox 68 4171 1408 4253; baseline -0.003 -14"><span class='ocrx_word' id='word_1_312' title='bbox 68 4179 131 4242; x_wconf 86' lang='lat' dir='ltr'>sic</span> <span class='ocrx_word' id='word_1_313' title='bbox 163 4191 208 4234; x_wconf 89' lang='lat' dir='ltr'>eo</span> <span class='ocrx_word' id='word_1_314' title='bbox 229 4173 299 4234; x_wconf 88' lang='lat' dir='ltr'>inre</span> <span class='ocrx_word' id='word_1_315' title='bbox 320 4171 404 4253; x_wconf 91' lang='lat' dir='ltr'>ipsos</span> <span class='ocrx_word' id='word_1_316' title='bbox 426 4173 547 4233; x_wconf 85' lang='lat' dir='ltr'>dimisit</span> <span class='ocrx_word' id='word_1_317' title='bbox 567 4180 597 4234; x_wconf 90' lang='lat' dir='ltr'>et</span> <span class='ocrx_word' id='word_1_318' title='bbox 619 4171 784 4252; x_wconf 87' lang='lat' dir='ltr'>dereliquit</span> <span class='ocrx_word' id='word_1_319' title='bbox 807 4173 922 4252; x_wconf 87' lang='lat' dir='ltr'>iugiter</span> <span class='ocrx_word' id='word_1_320' title='bbox 942 4172 1176 4253; x_wconf 85' lang='lat' dir='ltr'>possidendum.</span> <span class='ocrx_word' id='word_1_321' title='bbox 1215 4173 1285 4235; x_wconf 88' lang='lat' dir='ltr'>Hoc</span> <span class='ocrx_word' id='word_1_322' title='bbox 1307 4177 1408 4236; x_wconf 89' lang='lat' dir='ltr'>omni-</span> 
     </span>
     <span class='ocr_line' id='line_1_40' title="bbox 68 4261 1408 4344; baseline 0 -16"><span class='ocrx_word' id='word_1_323' title='bbox 68 4269 169 4341; x_wconf 54' lang='lat' dir='ltr'>bus),</span> <span class='ocrx_word' id='word_1_324' title='bbox 199 4281 333 4344; x_wconf 88' lang='lat' dir='ltr'>quorum</span> <span class='ocrx_word' id='word_1_325' title='bbox 356 4262 485 4324; x_wconf 90' lang='lat' dir='ltr'>interest</span> <span class='ocrx_word' id='word_1_326' title='bbox 507 4280 564 4323; x_wconf 88' lang='lat' dir='ltr'>sou</span> <span class='ocrx_word' id='word_1_327' title='bbox 588 4262 736 4337; x_wconf 74' lang='lat' dir='ltr'>intererit</span> <span class='ocrx_word' id='word_1_328' title='bbox 755 4263 903 4344; x_wconf 87' lang='lat' dir='ltr'>cupimus</span> <span class='ocrx_word' id='word_1_329' title='bbox 922 4262 989 4325; x_wconf 85' lang='lat' dir='ltr'>fore</span> <span class='ocrx_word' id='word_1_330' title='bbox 1009 4269 1129 4324; x_wconf 90' lang='lat' dir='ltr'>notum.</span> <span class='ocrx_word' id='word_1_331' title='bbox 1171 4261 1288 4326; x_wconf 91' lang='lat' dir='ltr'>Datum</span> <span class='ocrx_word' id='word_1_332' title='bbox 1302 4263 1408 4328; x_wconf 83' lang='lat' dir='ltr'>Vanre</span> 
     </span>
     <span class='ocr_line' id='line_1_41' title="bbox 64 4351 1293 4433; baseline -0.003 -11"><span class='ocrx_word' id='word_1_333' title='bbox 64 4373 186 4422; x_wconf 82' lang='lat' dir='ltr'>anno</span> <span class='ocrx_word' id='word_1_334' title='bbox 210 4352 330 4414; x_wconf 89' lang='lat' dir='ltr'>domini</span> <span class='ocrx_word' id='word_1_335' title='bbox 354 4359 615 4430; x_wconf 78' lang='lat' dir='ltr'>u⁰ccu⁰xvss⁰‚</span> <span class='ocrx_word' id='word_1_336' title='bbox 637 4351 714 4414; x_wconf 81' lang='lat' dir='ltr'>ferie</span> <span class='ocrx_word' id='word_1_337' title='bbox 736 4359 848 4433; x_wconf 86' lang='lat' dir='ltr'>quartu</span> <span class='ocrx_word' id='word_1_338' title='bbox 869 4353 901 4412; x_wconf 93' lang='lat' dir='ltr'>in</span> <span class='ocrx_word' id='word_1_339' title='bbox 924 4353 1099 4433; x_wconf 86' lang='lat' dir='ltr'>septimana</span> <span class='ocrx_word' id='word_1_340' title='bbox 1122 4354 1293 4418; x_wconf 89' lang='lat' dir='ltr'>communi.</span> 
     </span>
    </p>
   </div>
   <div class='ocr_carea' id='block_1_10' title="bbox 635 4543 884 4550">
    <p class='ocr_par' dir='ltr' id='par_1_10' title="bbox 635 4543 884 4550">
     <span class='ocr_line' id='line_1_42' title="bbox 635 4543 884 4550; baseline 0.004 -1"><span class='ocrx_word' id='word_1_341' title='bbox 635 4543 884 4550; x_wconf 46' lang='grc' dir='ltr'><em>*ψη-.-</em></span> 
     </span>
    </p>
   </div>
   <div class='ocr_carea' id='block_1_11' title="bbox 1157 4657 1209 4712">
    <p class='ocr_par' dir='ltr' id='par_1_11' title="bbox 1157 4657 1209 4712">
     <span class='ocr_line' id='line_1_43' title="bbox 1157 4657 1209 4712; baseline 0.038 -2"><span class='ocrx_word' id='word_1_342' title='bbox 1157 4657 1209 4712; x_wconf 72' lang='grc'>29*</span> 
     </span>
    </p>
   </div>
   <div class='ocr_carea' id='block_1_12' title="bbox 0 0 1706 5152">
    <p class='ocr_par' dir='ltr' id='par_1_12' title="bbox 0 0 1706 5152">
     <span class='ocr_line' id='line_1_44' title="bbox 0 0 1706 5152; baseline 0 0"><span class='ocrx_word' id='word_1_343' title='bbox 0 0 1706 5152; x_wconf 95' lang='lat' dir='ltr'> </span> 
     </span>
    </p>
   </div>
  </div>
 </body>
</html>
