3402 5152
330 355 382 413 362
702 355 934 411 Urkundenbuch
950 358 1000 412 des
1018 355 1144 412 Klosters
1162 356 1265 410 Psorte.

331 506 415 570 bona
434 509 466 570 in
490 507 618 570 Grebitz
640 527 711 571 cum
736 510 871 591 presenti
897 511 1011 592 pagiua
1032 511 1135 592 sigillo
1160 515 1267 572 nostro
1288 510 1412 591 signata
1433 507 1621 585 contulimus,

329 598 362 659 in
386 617 449 680 qua
470 599 569 662 eciam
591 600 706 681 pagina
732 599 770 662 ad
801 599 975 664 eorundem
998 601 1152 664 bonorum
1176 599 1366 663 warandiam
1390 599 1565 661 secundum
1583 601 1621 662 ius

330 695 361 750 et
382 688 547 771 antiquam
567 701 647 752 terre
668 691 930 752 consuetudinem
954 711 1013 753 nos
1034 702 1065 754 et
1084 696 1229 754 nostrum
1255 689 1483 752 monesterium
1505 687 1621 751 fideliter

331 777 518 862 obligamus.
568 779 617 841 Ad
646 779 830 862 ampliorem
861 781 961 844 eciam
984 788 1072 864 geste
1099 783 1144 844 rei
1174 780 1363 844 evidentiam
1391 777 1495 861 sigillo
1519 779 1620 842 domini

330 867 453 932 abbatis
478 869 517 932 de
544 877 652 932 sancto
679 869 814 948 Georgio
843 875 1022 952 presentem
1053 873 1200 955 paginam
1231 871 1386 934 duximus
1416 869 1620 932 roborandam.

329 955 449 1022 Datum
471 979 555 1022 anno
571 960 689 1022 domini
712 969 908 1042 woefflin,
928 972 980 1024 vl⁰
991 981 1092 1024 nonas
1113 960 1233 1028 Marcii.

863 1137 1113 1144 ——ffl—-u—

331 1167 448 1248 1303.
476 1167 595 1248 Mara
615 1167 652 1246 2.
1160 1226 1162 1236 .
1547 1166 1622 1247 374.

411 1301 555 1366 Dietrr'ch
576 1303 640 1367 Aba
659 1303 730 1366 arad
750 1301 806 1366 dar
828 1301 975 1366 Koarent
998 1323 1053 1366 oon
1076 1305 1184 1385 Pforte
1204 1303 1382 1380 cataracten,
1409 1304 1485 1365 dass
1506 1302 1551 1366 sie
1568 1303 1624 1365 dor

374 1391 610 1456 Thesaurorius
640 1393 694 1456 cles
725 1393 951 1474 Noomlmrqer
983 1393 1157 1476 Hochstifts
1190 1396 1247 1476 sair
1279 1395 1389 1458 dassen
1419 1393 1455 1456 ira
1487 1391 1548 1457 Nr.
1570 1395 1625 1456 369

348 1483 556 1548 *caesaraeae
575 1484 695 1546 Acclrer
728 1481 882 1566 3Husen
913 1485 947 1546 ia
971 1485 1112 1560 Gro'hita,
1143 1505 1201 1548 voa
1222 1485 1323 1548 dorca
1351 1484 1554 1548 Weidamoam
1579 1501 1627 1544 troo

371 1573 513 1637 Hotdeclr
533 1575 609 1638 arvei
638 1575 708 1637 arad
731 1573 876 1638 Giinther
897 1595 955 1636 von
977 1573 1148 1654 Sohdaberp
1176 1575 1227 1638 die
1255 1575 1349 1638 dritta
1379 1575 1515 1638 hesessen
1544 1572 1625 1646 hotta

371 1664 572 1728 toosclrweisa
591 1665 765 1745 caperrata
785 1665 893 1728 hohen.
942 1663 1007 1743 1⁷92.
1031 1663 1089 1728 Nr.
1104 1669 1180 1731 369.

480 1791 614 1845 Ηόεοὴτ..
635 1791 679 1845 Or.
691 1791 766 1861 Parq.
785 1797 803 1845 2
821 1792 867 1861 Sp.
886 1791 931 1847 das
951 1793 1031 1846 Antea
1049 1811 1099 1846 oon
1116 1792 1217 1860 Horta,
1241 1793 1361 1862 minyas
1379 1791 1560 1857 Bnochstrtck,
1577 1789 1627 1844 aad

440 1914 444 1929 .
530 1871 664 1926 aasabim
682 1889 732 1926 oon
741 1871 768 1926 S.
783 1872 867 1940 Georp
885 1874 916 1926 ia
926 1873 1097 1942 Ncomlrarp,
1116 1874 1227 1931 oerlatrt,
1253 1873 1416 1942 Noomhary
1425 1871 1463 1928 D.
1472 1873 1507 1930 A,
1518 1871 1570 1930 Nr.
1578 1873 1628 1924 178.

530 1981 562 1991 -
582 1953 670 2019 Kopia
687 1953 725 2008 im
744 1953 805 2007 Ia'h.
819 1954 911 2020 prieti.
930 1943 978 2007 61¹¹
997 1952 1179 2008 ebeadaoalbst.

484 2040 661 2113 camara

411 2167 477 2231 Nos
501 2169 599 2232 irater
618 2168 828 2233 Theodericus
859 2169 957 2234 abbas
987 2176 1137 2253 totusque
1157 2176 1333 2234 conventus
1353 2172 1386 2232 in
1409 2169 1504 2232 Porta
1525 2177 1626 2232 notum
1683 2169 1684 2218 ἒ

331 2259 466 2322 facimus
487 2259 651 2340 omnihus,
680 2260 798 2344 quihus
817 2259 995 2324 exhibitum
1016 2262 1113 2324 fuerit
1133 2280 1263 2345 presens
1285 2263 1452 2344 scriptum,
1474 2260 1558 2342 qood
1580 2277 1628 2340 pro

331 2351 415 2431 agris
437 2350 545 2430 dompi
566 2350 705 2414 lirnfridi
728 2351 916 2415 thesaurarii
937 2350 1486 2432 maioris'ecclesieNuenburgensis
1507 2371 1527 2413 a
1545 2365 1628 2411 muro

333 2439 477 2504 Portensi
500 2443 660 2523 usquead
682 2441 902 2506 molendinum
924 2439 1103 2526 Kegilsmul
1126 2444 1204 2523 sitis,
1225 2443 1301 2504 item
1323 2461 1363 2504 ex
1385 2441 1448 2504 alia
1470 2438 1629 2524 parteSale

246 2543 247 2548 ’
331 2531 413 2593 inter
442 2531 533 2595 villas
552 2531 711 2596 Thuswitz
741 2540 771 2596 et
791 2531 938 2596 Rczbach
967 2535 1001 2596 in
1029 2533 1110 2596 valle
1138 2534 1207 2596 sitis
1233 2532 1312 2595 alios
1340 2551 1433 2614 agros
1453 2533 1488 2594 in
1509 2529 1628 2593 Grohitr

331 2625 437 2684 nostre
458 2623 668 2704 proprietatis
695 2624 776 2686 duos
798 2623 942 2687 videlieet
963 2643 1107 2703 mansue,
1129 2625 1184 2706 qui
1203 2621 1334 2687 fuerunt
1354 2621 1574 2686 Weidemanni
1596 2619 1630 2680 de

330 2709 486 2790 Haldeha
521 2719 552 2776 ct
590 2733 752 2792 mansum,
785 2716 840 2797 qui
870 2714 931 2777 fuit
961 2713 1118 2777 Guntheri
1145 2714 1182 2777 de
1209 2711 1388 2790 Shonberk,
1417 2712 1476 2775 hos
1506 2713 1629 2792 inquam

331 2820 460 2864 mansos
481 2809 544 2866 tres
565 2810 749 2886 conparatos
771 2810 802 2868 et
824 2805 954 2868 ecclesie
974 2812 1079 2868 nostre
1103 2825 1122 2867 a
1145 2801 1317 2867 venerabili
1339 2803 1467 2866 domino
1487 2801 1630 2865 Brunonc
1682 2801 1683 2878 3

244 2941 245 2946 1
331 2893 475 2974 episcopo
497 2891 744 2975 Nuenburgensi
776 2896 991 2978 appropriatos
1021 2895 1149 2959 dominc
1170 2893 1318 2957 llrnfrido
1349 2893 1545 2958 thesaurario
1568 2909 1631 2972 pre

330 2983 445 3065 scripto
476 2985 735 3065 consignavimus
764 2987 995 3069 permutatione
1016 2985 1212 3048 concorditer
1241 2986 1325 3047 inter
1345 2985 1493 3048 ecclesias
1514 2987 1631 3045 nostras

330 3073 419 3136 facta.
447 3074 498 3136 Ad
520 3079 661 3138 eternam
680 3095 754 3160 ergo
775 3076 873 3138 huius
888 3077 1131 3158 permutationis
1144 3074 1321 3138 habendam
1337 3076 1520 3138 memoriam
1535 3072 1631 3136 eidem

331 3163 459 3227 domino
480 3163 628 3228 Ernfridc
656 3167 851 3230 thesaurario
872 3165 1117 3248 Nuenburgensi
1146 3167 1318 3249 prescripta
1345 3163 1428 3228 bona
1454 3165 1488 3227 in
1510 3161 1631 3226 Grobitz

329 3272 403 3316 cum
433 3258 570 3336 presenti
602 3258 718 3338 pagina
747 3257 849 3339 sigillo
878 3264 985 3319 nostro
1011 3258 1134 3339 signata
1161 3255 1371 3334 contulimus,
1397 3257 1432 3317 in
1454 3275 1518 3338 qua
1536 3253 1632 3316 eciam

331 3343 446 3424 pagina
472 3344 511 3407 ad
540 3345 724 3409 eorumdem
750 3346 907 3409 bonorum
936 3346 1127 3409 warandiam
1150 3346 1326 3410 secundum
1349 3347 1400 3410 ius
1422 3351 1454 3408 et
1474 3345 1631 3425 antiquam

331 3439 413 3495 terre
442 3434 705 3500 consuetudinem
736 3455 796 3498 nos
817 3442 848 3499 et
881 3443 1026 3498 nostrum
1050 3437 1277 3500 monasterium
1298 3435 1433 3499 fideliter
1453 3435 1634 3516 obligamus.

331 3523 382 3584 Ad
398 3524 582 3607 anrplicrem
601 3528 700 3589 eciam
715 3533 803 3608 geste
816 3528 861 3590 rei
875 3525 1065 3590 evidentiam
1081 3525 1184 3608 sigillo
1201 3526 1322 3590 domini
1338 3525 1463 3589 abbatis
1476 3525 1513 3589 dc
1527 3531 1633 3588 sancto
1681 3537 1682 3562 ³

332 3613 465 3696 Georgic
487 3623 665 3698 presentem
688 3619 833 3700 paginam
856 3617 1010 3680 duximus
1031 3616 1250 3680 roborandam.
1284 3615 1404 3680 Datum
1419 3635 1502 3680 anuo
1516 3613 1635 3678 domini

330 3707 570 3784 M⁰CCC⁰tercio,
591 3717 642 3770 V1⁰
655 3726 755 3771 nonas
776 3705 893 3770 Marcii.

861 3873 973 3879 -——-.
983 3872 1112 3879 -n——

334 3897 447 3981 1303.
476 3901 604 4000 April
619 3901 682 3983 28.
1549 3900 1635 3983 375.

410 4035 482 4100 Dos
508 4037 632 4101 Ktesior
656 4039 854 4102 Moricrathul
880 4041 1027 4122 oerlcouft
1053 4041 1121 4104 dam
1150 4039 1278 4104 Kloster
1305 4041 1414 4122 Psorta
1447 4039 1577 4120 1Hufa
1606 4037 1637 4098 in

371 4125 645 4191 Nieder-Mdlleru
665 4131 721 4210 sto·
745 4135 765 4193 6
786 4130 894 4196 Marta.
1680 4139 1681 4200 3

479 4245 614 4300 Hasce..-
637 4237 729 4300 1'92b.
758 4249 847 4303 Diae
866 4250 918 4316 (tit.
929 4249 1032 4318 Mellir)
1051 4252 1100 4306 orit
1119 4251 1295 4320 Karauapen.

480 4339 605 4395 Druclce:
623 4339 733 4408 Borma,
754 4341 1003 4410 Herrapoaserstodt
1021 4349 1063 4396 13.
1099 4343 1235 4400 Deutsch:
1259 4341 1344 4411 Wolff
1358 4342 1402 4409 II,
1419 4343 1479 4395 295.

413 4453 579 4518 Universis
607 4454 722 4518 Christi
751 4455 898 4520 fidelibus
927 4460 1169 4542 imperpetuum.
1219 4457 1263 4522 Ut
1289 4457 1517 4521 racionabiliter
1548 4461 1636 4536 gesta

332 4545 429 4606 robur
450 4545 585 4607 habeant
606 4545 773 4626 firmitatis,
796 4548 898 4612 solent
919 4550 1042 4630 scriptis
1064 4557 1095 4612 ct
1115 4552 1281 4612 vivacitate
1295 4551 1425 4613 testium
1439 4543 1637 4630 perhennari.
