3410 5146
639 394 689 450 Nr.
700 396 742 456 55.
763 395 838 450 1202.
1357 391 1392 447 73

173 547 183 625 'l
212 547 249 609 ln
277 548 405 610 nomine
434 555 542 611 sancte
569 554 601 611 et
627 547 791 610 individue
819 547 976 608 trinitatis,
1007 546 1010 622 l
1049 545 1255 608 Winemarus
1285 543 1393 605 divino

106 647 172 699 nutu
195 636 291 699 abbas
319 639 351 699 in
376 637 484 714 Porta,
512 637 681 700 Ounradus
708 637 795 719 prior
820 643 851 699 et
872 636 1015 716 reliquus
1036 639 1213 698 conventus
1235 634 1395 696 universis

103 726 222 807 posteris
251 727 334 788 suis⁸
357 727 519 790 Portcnsis
546 727 679 790 ecclesie
707 726 859 789 iratribus
885 731 950 789 tam
975 725 1105 808 prelatis
1135 743 1230 806 quam
1260 721 1395 786 subditis

104 815 276 896 regulariter
300 816 530 880 substituendis
557 819 586 879 in
617 823 805 900 perpetuum
836 817 868 878 in
902 822 1010 877 eterna
1040 812 1236 878 beatitudine
1258 811 1394 894 pariterb

103 904 153 966 sibi
172 905 351 968 coadunari.
395 905 475 982 Quia
503 907 665 988 genoratio
693 907 822 988 preterit
848 913 880 968 et
901 906 1063 988 generatio
1086 904 1215 967 aduenit
1235 909 1267 966 et
1286 903 1395 964 futura

103 1004 229 1076 tempora
259 993 418 1058 oblivione
446 1003 550 1059 cetera
580 997 740 1079 operiunt.
765 1000 801 1058 ut
827 1001 999 1076 cognoscat
1019 995 1180 1077 generatio
1203 992 1302 1056 altera
1323 1010 1395 1054 suc-

103 1101 250 1144 cessorum
278 1088 310 1146 et
338 1084 471 1146 fratrum
500 1093 681 1148 nostrornm
704 1105 754 1160 ea,
782 1104 843 1166 que
865 1086 898 1147 in
921 1085 1152 1167 presentiarum
1174 1083 1342 1146 statuimus
1363 1088 1396 1143 et

102 1171 140 1233 eis
164 1171 358 1236 observanda
384 1175 415 1236 iu
445 1181 605 1257 posterum
634 1175 891 1253 transmittimus,
917 1175 1043 1256 scriptis
1069 1173 1129 1236 hec
1151 1173 1261 1236 eadem
1285 1190 1394 1235 neces-

102 1261 207 1324 sarium
234 1262 388 1326 duximus
417 1265 596 1348 exprimere
623 1272 655 1328 et
679 1264 905 1328 inuiolabiliter
926 1262 1063 1326 tenenda
1084 1263 1218 1326 firmiori
1240 1262 1392 1325 memorie

102 1351 320 1416 commendare.
368 1353 572 1418 Manifestum
602 1354 710 1436 itaque
737 1375 806 1418 esse
834 1354 982 1416 volumus
1007 1351 1158 1415 fratribus
1184 1353 1301 1416 nostris
1329 1357 1393 1413 tam

101 1440 287 1520 presentibus
308 1461 402 1523 quam
424 1443 550 1517 futuris,
572 1445 657 1525 qnod
679 1443 874 1508 reverendus
896 1441 1110 1505 rirGerlacus
1123 1441 1394 1522 deHaldrungen,

102 1527 351 1614 nuenburgensis
377 1533 513 1615 ecclesie
539 1535 727 1611 canonicus,
753 1534 873 1596 amicos
894 1531 954 1595 sibi
976 1531 1080 1594 facere
1102 1531 1214 1594 volens
1234 1532 1273 1594 de
1295 1550 1393 1594 mam-

101 1639 184 1682 mona
203 1621 387 1704 iniquitatis,
410 1624 466 1704 qui
487 1643 561 1687 eum
583 1625 738 1708 recipiunt
757 1625 790 1686 in
811 1629 921 1687 eterna
942 1620 1155 1700 tabernacula,
1178 1641 1236 1704 pro
1252 1621 1392 1684 remedio

100 1709 195 1790 anime
214 1729 272 1790 suc
295 1712 430 1775 contulit
449 1713 583 1776 ecclesie
608 1717 714 1778 nostre
737 1732 883 1776 mansum
906 1731 1006 1774 nuum
1030 1709 1268 1774 inllborstodc1
1292 1729 1393 1772 annu-

100 1798 165 1860 atim
186 1799 339 1863 talentum
360 1803 483 1882 argenti
508 1803 559 1866 rel
580 1809 645 1866 tres
666 1801 886 1866 Erfurdieuses
908 1821 1075 1865 mensuras
1096 1802 1248 1864 frumenti
1267 1800 1393 1864 solven-

100 1893 155 1948 tem
185 1895 215 1952 et
247 1889 379 1974 insuper
411 1897 566 1956 carratam
595 1892 661 1955 viui
687 1891 824 1974 pecunia
850 1910 908 1954 sua
935 1895 1112 1974 coemptam
1140 1891 1173 1952 iu
1203 1889 1394 1953 llertiudorf

100 1975 180 2040 nobis
190 1978 306 2042 nichilo
319 1981 426 2044 nunus
447 1982 640 2046 contradidit
660 2002 697 2046 eo
720 1981 918 2044 condicionis
939 1985 1057 2059 tenore,
1082 1985 1118 2043 ut
1139 1981 1178 2044 dc
1194 2000 1292 2044 censu
1309 1980 1392 2042 eius-

99 2065 161 2128 dem
185 2069 287 2130 mansi
314 2070 409 2134 simul
438 2077 487 2135 et⁰
513 2073 588 2134 vino
617 2071 801 2154 sollempnis
824 2071 996 2134 conventui
1017 2069 1147 2134 reiectio
1170 2076 1200 2134 et
1222 2069 1391 2133 servicium

98 2167 173 2218 certo
206 2163 347 2241 tempore
377 2160 452 2223 anni
485 2160 683 2234 exhibeatur,
712 2160 746 2223 id
778 2164 826 2223 est
856 2161 888 2221 in
919 2159 1001 2223 festo
1031 2159 1132 2222 sancti
1163 2159 1292 2222 Arnulfi
1323 2159 1392 2242 ipso

99 2243 218 2308 Gerlaco
241 2247 410 2332 superstite
432 2255 464 2313 et
485 2255 556 2334 post
577 2249 699 2314 obitum
720 2251 790 2314 eius
808 2251 840 2312 in
859 2249 1075 2312 anniversario
1092 2249 1201 2332 ipsius,
1222 2255 1257 2311 ut
1273 2247 1394 2312 scilicet

98 2333 217 2414 ipsodie
239 2343 271 2400 et
293 2339 384 2420 panis
405 2339 572 2403 candidior
592 2347 625 2404 et
647 2339 808 2424 pulmenta
831 2338 962 2402 meliora
979 2339 1154 2422 piscesque,
1177 2339 1250 2402 siin
1267 2339 1392 2420 hyeme,

97 2443 209 2503 caseus,
240 2425 382 2492 butirum
412 2435 444 2492 et
465 2450 538 2510 ova,
559 2430 639 2494 siin
660 2434 758 2494 estate
781 2429 849 2492 dies
871 2429 1052 2506 occurrerit
1073 2429 1206 2492 fratrum
1227 2428 1392 2493 refectioni

96 2523 292 2596 apponantur,
314 2523 357 2598 ut,
379 2518 456 2582 dum
474 2519 648 2602 corporalis
669 2519 715 2582 eis
733 2518 907 2582 consolatio
929 2518 1088 2594 tribuitur,
1109 2518 1281 2602 spiritualis
1293 2519 1331 2582 ab
1346 2519 1392 2581 ois

96 2603 155 2666 eius
175 2606 288 2686 anime,
315 2608 371 2690 qui
390 2608 472 2672 hanc
493 2608 611 2688 tribuit,
634 2630 690 2692 per
711 2607 891 2672 orationum
913 2609 1066 2690 suffragia
1086 2609 1287 2691 inpendatur.
1316 2609 1392 2672 Pre-

97 2691 161 2755 dicti
188 2714 262 2758 vero
289 2715 423 2760 censum
450 2699 566 2775 mansi,
598 2700 665 2762 sive
693 2699 725 2762 iu
751 2696 838 2773 loco,
869 2716 963 2778 quem
988 2697 1143 2774 diximus,
1175 2717 1249 2762 eum
1276 2697 1393 2782 iugiter

95 2783 217 2846 ecclesia
249 2791 358 2848 nostra
386 2789 547 2871 possideat
575 2791 642 2852 sire
672 2791 702 2851 in
733 2788 832 2851 alium
857 2788 939 2852 forte
968 2786 1074 2850 locum
1104 2789 1136 2850 in
1163 2789 1308 2850 futurum
1336 2808 1392 2871 per

96 2873 304 2938 concambium
329 2881 521 2961 transponat,
543 2881 638 2963 prior,
660 2879 854 2962 quicumque
877 2883 953 2940 tunc
974 2877 1079 2952 fauerit,
1102 2878 1195 2942 simul
1220 2898 1293 2940 cum
1316 2878 1391 2940 vino

96 2959 179 3025 debet
197 2965 341 3047 accipere
364 2971 396 3030 et
416 2967 455 3032 de
477 2969 622 3050 utrisque
641 2968 821 3043 servicium,
844 2967 928 3049 quod
945 2967 1094 3046 diximus,
1115 2968 1182 3031 sino
1200 2969 1390 3048 cuiusquam

95 3053 333 3118 contradictione
360 3055 411 3119 rel
440 3056 548 3140 aliqua
578 3057 788 3122 diminutione
817 3056 957 3120 fideliter
984 3063 1016 3119 ot
1047 3057 1187 3142 plenarie
1218 3057 1390 3122 conventui

95 3141 243 3206 exhibere.
278 3142 321 3208 Ut
342 3145 399 3208 hec
421 3167 496 3230 ergo
519 3156 626 3212 nostra
649 3147 855 3212 constitutiod
877 3151 944 3208 rata
965 3155 996 3209 et
1012 3145 1046 3208 in
1070 3152 1259 3230 perpetuum
1280 3148 1391 3210 incon-

96 3229 175 3293 uulsa
201 3241 399 3315 permaneat,
428 3243 609 3318 presentem
635 3237 752 3302 exinde
782 3237 930 3319 pagiuam
959 3237 1170 3320 conscriptam
1201 3236 1391 3300 venerabilis

95 3321 180 3398 patris
207 3323 308 3385 nostri
337 3323 545 3390 Heidenrioi2
572 3327 695 3390 abbatis
724 3326 763 3389 de
790 3325 1005 3390 Wailrenrede
1032 3325 1127 3388 simul
1156 3333 1188 3388 et
1216 3327 1315 3389 nostri
1341 3327 1390 3388 in-

95 3411 244 3488 pressione
265 3412 362 3495 sigilli
383 3418 651 3480 communivimus
673 3422 704 3479 et
725 3421 821 3480 testes
842 3415 984 3495 ydoneos
1011 3415 1229 3494 adhibuimus,
1254 3436 1390 3499 quorum

95 3497 145 3560 hec
171 3507 244 3562 sunt
272 3503 416 3566 nomina:
446 3504 673 3570 Widikindus³
694 3505 792 3568 abbas
814 3505 848 3566 in
872 3503 1085 3584 Walkenriet‚
1106 3504 1294 3568 Alexander
1315 3507 1389 3568 sub-

95 3587 171 3666 prior
195 3590 228 3652 in
256 3590 368 3669 Porta,
398 3593 536 3659 Amilius
557 3596 755 3672 cellerarius
777 3593 862 3656 Erbo
885 3601 1003 3671 cautor,
1025 3594 1201 3659 Oristiauus
1222 3597 1389 3678 portarius,

93 3673 274 3744 Diethardus
298 3689 420 3761 custos,
443 3683 639 3762 Florentius,
661 3683 857 3754 Waltlrerus,
883 3682 1088 3748 Hermannus
1115 3684 1262 3748 monachi
1284 3691 1316 3748 et
1336 3685 1388 3748 alii

95 3785 182 3846 quam
203 3769 313 3852 plures
333 3769 411 3834 boni
432 3775 604 3838 testimonii
626 3775 694 3837 viri.
729 3775 810 3836 Acta
831 3777 906 3834 sunt
925 3771 984 3836 hec
1005 3792 1088 3836 anno
1110 3774 1149 3837 ab
1170 3775 1389 3840 incarnatione

93 3854 203 3920 domini
222 3867 271 3922 Μ0
284 3869 413 3936 000110,
434 3863 608 3930 indictione
631 3862 788 3946 quartart.

152 3972 163 3999 ²
186 3973 303 4043 posteris
326 3975 384 4030 auis
406 3977 542 4044 tuamet,
568 3979 632 4034 dass
655 3979 743 4034 ewrite
766 3977 827 4032 Mal
851 3976 1048 4044 auspestricdea
1125 3969 1137 4007 ¹¹
1162 3982 1265 4050 pariter
1286 3984 1389 4052 illeque·

89 4052 240 4117 medaban
311 4053 321 4081 ⁰
346 4059 374 4108 et
390 4057 420 4108 in
438 4057 531 4112 Ram
601 4051 612 4086 ‘¹
639 4057 785 4114 constituit
817 4059 841 4110 it
863 4057 1072 4124 ampam'caea,
1107 4059 1145 4112 tio
1164 4063 1390 4132 coeperamus

92 4129 172 4186 ‘Der
194 4133 304 4188 Schinae
329 4135 397 4202 (anm
424 4145 510 4194 craten
536 4141 643 4210 Zeaperr
669 4143 719 4198 un)
743 4141 778 4192 isi
806 4153 878 4192 arear
903 4153 953 4188 ran
975 4137 1088 4204 pleicbcr·
1116 4139 1216 4207 Hand,
1253 4144 1314 4196 uber
1340 4145 1389 4198 nait

91 4207 221 4266 duellem
242 4213 320 4268 liuta
335 4215 507 4282 pacni-ieter.

154 4301 164 4342 ¹
193 4305 334 4359 Eleratedt
362 4322 408 4360 ow.
434 4307 521 4366 Sutia.
588 4310 601 4350 '³
626 4309 804 4366 Heidenrcich
831 4323 888 4360 war
914 4323 963 4359 zur
987 4307 1045 4361 Zeu
1069 4310 1144 4364 nieht
1166 4313 1240 4366 naebr
1266 4317 1317 4368 Aoo
1339 4335 1388 4370 run

95 4379 270 4450 Wulkenaied,
298 4385 414 4438 madere
437 4390 506 4444 wohl
528 4393 620 4446 bereita
644 4411 695 4445 ron
722 4385 889 4444 illorimnnd.
932 4385 988 4452 Vpl.
1020 4387 1167 4442 Urlcun-den
1190 4410 1240 4446 rou
1266 4395 1389 4450 'illittera-

92 4461 140 4515 nau
157 4462 188 4527 I,
213 4467 305 4531 ms.
326 4465 370 4521 66.
421 4465 481 4522 Dar
507 4473 639 4541 (arodtd)
668 4471 832 4538 Nuedfolper
865 4465 967 4520 bellent
993 4465 1050 4519 oieb
1076 4469 1144 4522 noch
1171 4473 1255 4525 ennea
1284 4475 1387 4543 Siapela.

92 4537 207 4597 ⁸Dieoer
226 4545 280 4598 aot
297 4543 334 4598 ist
350 4552 425 4599 acuat
442 4551 599 4608 warenne
619 4553 731 4606 midine
756 4549 843 4604 uae,
862 4547 901 4599 W.
919 4545 994 4598 aaut
1012 4549 1140 4602 eada-nr.
1178 4551 1221 4604 Er
1240 4554 1315 4606 kann
1333 4574 1389 4611 aar

92 4624 151 4677 anci
165 4623 273 4682 Bariold
282 4625 325 4680 ula
333 4624 436 4681 nram
446 4627 608 4702 Nacbfolpcr
618 4631 809 4686 Heidenrea'clre
818 4624 960 4695 eiapereitt
970 4625 1080 4689 uuerden.
1109 4629 1121 4666 ⁴
1133 4629 1385 4708 &cuiusquam
