3410 5146
620 375 723 434 Nata.
745 377 821 434 taor.
842 417 844 422 .
1339 383 1373 432 85

84 547 232 590 servorum
267 527 317 590 dei
344 525 534 592 utilitatibus
557 533 588 590 et
617 527 837 610 temporalium
868 528 1098 610 stipendiorum
1125 527 1276 592 subsidiis
1302 549 1373 613 pro·

85 617 206 680 ridentia
236 617 430 700 vigilantiori
458 623 489 681 et
516 637 592 680 cnr-a
613 618 812 700 propensiori
839 618 1063 694 inserviamus,
1091 623 1138 696 nt,
1164 617 1240 681 dum
1262 638 1372 682 corum

83 707 137 786 paci
158 713 188 770 et
213 706 458 790 contemplative
481 707 579 787 quieti
601 713 747 772 accurate
768 707 978 776 intendimus.
1000 727 1059 770 nos
1081 727 1208 789 queque
1230 709 1372 790 ipsorum

83 794 183 859 laboris
227 801 259 859 et
299 796 580 882 contemplacionis
627 797 712 880 apud
752 798 916 860 domimun
954 798 1123 880 participes
1163 799 1372 862 inveniamur.

81 884 223 950 Fidelinm
259 887 367 966 itaque
401 885 599 948 universitati
634 891 779 950 constare
812 887 1042 962 desideramus,
1076 886 1160 967 quod
1195 906 1255 949 nos
1286 892 1373 951 aute·

81 977 201 1038 cessoris
232 976 332 1038 nostri
368 974 554 1038 rationabile
584 977 705 1039 iactum
732 977 943 1059 approbantes
969 977 1037 1058 pari
1063 977 1230 1039 devotione
1257 976 1374 1054 villam,

82 1084 131 1144 que
151 1065 267 1128 dicitnr
286 1065 422 1143 Tribola,
442 1064 595 1127 fratribus
616 1065 655 1128 de
681 1065 772 1128 Porta
794 1065 853 1127 snb
876 1065 978 1146 tytulo
1000 1073 1030 1128 et
1052 1065 1224 1128 sufficienti
1247 1067 1374 1129 restitu-

80 1155 157 1217 cione
183 1153 361 1218 concambii
383 1173 455 1216 cnm
478 1154 705 1217 canonicorum
727 1161 908 1218 nostrorum
931 1174 1088 1218 consensu
1109 1155 1373 1218 contradidimus·

80 1263 139 1305 cum
171 1244 318 1306 carnibus
346 1243 520 1306 attinentiis
542 1245 621 1322 suis,
649 1245 816 1328 presertim
837 1265 910 1308 cnm
933 1265 990 1308 nes
1013 1265 1054 1307 ex
1077 1245 1219 1308 eiusdem
1238 1245 1371 1310 ecclesie

79 1334 206 1414 aritiquis
243 1332 416 1416 privilegiis
445 1333 699 1398 intellexerimus
724 1339 788 1398 tarn
817 1354 876 1397 nos
909 1353 1003 1416 utram
1033 1353 1144 1398 omnes
1172 1353 1372 1400 successores

80 1433 191 1486 nostros
216 1423 375 1486 debitores
403 1424 555 1490 existere.
576 1430 612 1486 ut
635 1444 693 1487 uos
713 1424 935 1488 concambium
956 1423 1048 1500 illud,
1071 1424 1157 1506 quod
1179 1423 1217 1486 ab
1240 1425 1371 1506 antiquo

79 1512 150 1576 inter
178 1521 317 1576 nostram
346 1519 378 1576 et
399 1512 585 1577 Portcnsern
616 1514 782 1577 ecclesiam
804 1534 900 1598 super
926 1513 1018 1577 bonis
1043 1515 1078 1576 in
1101 1513 1231 1576 Zrnoluc
1253 1515 1372 1578 iactruu

78 1611 128 1679 est,
157 1622 298 1684 congruo
337 1601 556 1685 supplemento
587 1603 691 1666 eidem
718 1603 862 1668 Portensi
891 1603 1023 1667 ecclesie
1050 1604 1089 1666 de
1117 1603 1372 1686 possessionibus

78 1694 278 1776 episcopatus.
323 1712 396 1755 cum
443 1712 476 1755 se
512 1692 671 1756 lacrrltatis
710 1694 907 1775 oportunitas
942 1692 1105 1762 obtulerit.
1141 1708 1371 1776 reconpensare

77 1781 245 1846 debeamus.
292 1780 494 1845 Persultabat
515 1786 618 1844 autem
643 1781 754 1846 cadom
778 1783 851 1846 villa
872 1803 978 1846 annua
1000 1783 1151 1866 pensione
1171 1792 1226 1846 ΧΗ
1245 1782 1371 1857 talenta,

78 1891 130 1950 one
157 1881 259 1935 tamen
281 1891 337 1954 per
359 1891 473 1936 manns
495 1873 633 1954 plurium
656 1873 818 1952 laycorum
840 1874 956 1936 fetidali
978 1874 1047 1936 inre
1070 1894 1088 1935 a
1109 1881 1216 1935 nostra
1236 1872 1372 1936 ccclesia

78 1963 192 2041 penitus
228 1963 290 2024 init
324 1961 478 2046 elongata.
541 1962 726 2025 Notandum
763 1983 852 2042 sane,
882 1963 966 2043 mind
999 1963 1155 2045 pretaxati
1187 1963 1301 2025 iratres
1331 1963 1370 2026 dc

81 2049 162 2113 Porta
186 2071 241 2134 pro
263 2051 478 2114 absolucionis
508 2052 722 2136 redemptione
744 2053 829 2115 circa
849 2054 1081 2116 estimationem
1106 2061 1170 2116 1)th
1191 2071 1369 2115 marcarum

77 2139 199 2204 diversis
238 2142 352 2220 laycis,
396 2142 448 2222 qui
482 2143 583 2224 ipsam
615 2143 646 2204 in
675 2143 767 2205 feodo
802 2142 972 2208 habebant.
999 2142 1104 2205 dando
1131 2142 1370 2222 distribuerunt,

77 2229 194 2312 insuper
220 2241 261 2294 tt*
282 2235 421 2293 carratas
443 2231 507 2292 vini
529 2231 662 2294 Alberto
688 2229 871 2314 utilimum
897 2233 1031 2295 eandem
1056 2231 1163 2296 villam
1183 2232 1253 2294 inrc
1275 2230 1371 2294 bene·

78 2319 133 2381 licii
166 2320 362 2402 possederat,
395 2320 629 2404 persolverunt,
663 2328 696 2383 ut
727 2341 853 2384 onmem
888 2323 1086 2403 ‹prierimonie
1120 2320 1307 2404 scrupulum
1339 2327 1371 2384 et

78 2409 309 2474 ollandiculnm.
336 2410 420 2491 quod
443 2410 474 2471 in
498 2411 635 2492 presenti
658 2418 712 2472 aut
734 2411 764 2472 in
790 2418 950 2494 posterum
973 2417 1078 2494 posset
1098 2430 1274 2495 emergere,
1295 2430 1370 2472 mm-

78 2500 194 2580 sopiret,
216 2506 251 2562 ut
263 2499 410 2562 videlicet
431 2499 594 2562 donrinnm
617 2519 710 2562 snum
725 2499 908 2564 Bertoldnm
930 2500 1103 2564 chobluz
1120 2501 1158 2562 ad
1179 2499 1369 2564 benevolum

77 2589 205 2652 eiusdem
233 2609 425 2652 consensum
452 2589 628 2652 concambii
651 2590 816 2652 induceret
838 2595 869 2654 ct
891 2591 1021 2664 milites,
1044 2591 1097 2671 qui
1120 2595 1207 2673 parto
1226 2590 1369 2654 ciusdem

80 2677 143 2740 ville
176 2679 214 2741 ab
255 2699 293 2742 eo
335 2678 547 2742 inbeneficiati
583 2679 723 2750 fuerant,
762 2676 920 2742 amicabili
956 2681 1167 2743 transactione
1198 2687 1369 2754 arnovcret,

79 2766 186 2830 colonis
206 2768 326 2831 ibidem
348 2768 600 2842 remanentibus,
623 2788 703 2849 quos
725 2769 782 2851 ipsi
800 2769 961 2848 monachi,
981 2771 1005 2831 si
1021 2769 1191 2846 voluerint,
1213 2789 1369 2850 aposses·

79 2857 208 2921 sionibus
220 2857 298 2930 illis,
321 2858 601 2939 qrrashereditario
618 2858 962 2922 inreHollendensium
982 2860 1156 2942 possident,
1178 2860 1370 2941 competenti

80 2947 268 3012 restimcione
301 2947 417 3012 debent
449 2967 604 3012 amovere.
652 2948 790 3012 Termini
821 2956 927 3012 antem
959 2951 1078 3031 prefate
1110 2949 1183 3012 ville
1214 2949 1370 3032 designati

79 3044 142 3098 saint
161 3036 198 3099 ab
212 3038 374 3119 'adiacent'
399 3038 479 3101 silva
500 3039 726 3101 monachornm
752 3058 851 3118 usque
873 3038 913 3101 ad
936 3039 1033 3116 viam,
1056 3059 1117 3118 oue
1138 3038 1372 3102 diciturBuclr·

15 3197 16 3200 Ἴ
80 3131 178 3198 straza,
199 3135 231 3190 et
252 3128 327 3191 item
350 3147 368 3190 a
390 3127 530 3190 confinio
552 3147 700 3206 agrorum
722 3127 761 3190 dc
779 3127 923 3190 Scoblrov
945 3148 1047 3208 usque
1070 3129 1108 3192 ad
1131 3149 1223 3210 agros
1238 3121 1369 3191 claustri

81 3213 112 3276 de
132 3225 235 3279 sancto
253 3217 416 3280 Mauricio.
462 3217 557 3280 Porro
579 3218 610 3279 in
634 3218 837 3280 restitucione
860 3223 891 3280 ct
912 3219 1159 3282 commutatione
1180 3219 1274 3280 huius
1296 3237 1372 3281 con-

81 3306 177 3369 cambii
212 3308 275 3368 iam
313 3307 388 3369 dicti
423 3308 536 3370 fratres
563 3306 696 3370 ecclesie
726 3313 831 3370 nostre
859 3308 1066 3370 restituerunt
1091 3309 1308 3389 possessiones
1337 3309 1370 3370 in

81 3395 248 3462 steinbach.
271 3397 489 3478 possessiones
511 3397 541 3458 in
569 3397 743 3471 Sttrclreim,
770 3397 986 3479 possessiones
1012 3397 1045 3458 in
1072 3395 1267 3459 Dnrnerniclr
1294 3417 1368 3462 curn

82 3485 211 3548 omnbus
245 3485 444 3568 pertinentiis
478 3487 558 3552 suis.
593 3505 671 3566 cpias
698 3487 757 3569 ipsi
791 3487 903 3548 fratres
930 3486 1037 3566 qtrieto
1069 3487 1137 3548 iure
1166 3493 1197 3564 ct
1226 3485 1369 3550 libertate

81 3575 289 3652 possederunt.
324 3594 385 3656 que
420 3595 530 3638 omues
557 3574 677 3656 absque
709 3576 866 3638 adiaceuti
895 3575 975 3638 silva
1003 3586 1053 3638 ΧΥ
1082 3576 1201 3639 talenta
1227 3577 1370 3638 censuali

81 3662 134 3725 inre
144 3667 305 3728 annuatim
320 3665 499 3729 exsolvunt.
535 3665 681 3729 Preterea
695 3665 804 3727 villam
817 3665 986 3746 quandam
1002 3685 1063 3745 quc
1082 3665 1198 3728 dicitnr
1214 3663 1369 3740 Scoblron,

83 3759 109 3813 nt
134 3754 248 3818 talenta
273 3763 308 3817 et
337 3754 504 3818 dimidium
533 3755 697 3818 cunctatim
727 3754 959 3837 persolventem
988 3755 1107 3818 eisdem
1134 3754 1286 3818 iratribus
1311 3755 1370 3818 sub

83 3845 191 3908 nominc
212 3843 392 3907 concambii
414 3843 621 3918 contulimus,
646 3864 702 3926 pro
730 3865 793 3925 qtra
819 3845 879 3927 ipsi
905 3845 1019 3908 fratres
1040 3846 1186 3928 predium
1210 3845 1369 3926 quoddam

81 3929 103 3990 in
127 3932 279 3997 Coloniae
310 3943 365 3998 ΧΗ
398 3953 565 3998 mensuras
597 3935 747 3998 frumenti
778 3939 811 3996 ot
841 3943 895 3997 XII
927 3935 1046 3998 solidos
1075 3955 1181 3998 annuo
1214 3941 1371 4018 proventu

81 4022 247 4098 persolvens
282 4023 415 4087 ecclesie
440 4027 548 4086 nosue
573 4024 606 4085 in
635 4024 918 4105 reconpensatione
944 4026 1158 4088 restituerunt.
1209 4024 1250 4088 Ut
1275 4025 1372 4106 igitur

82 4107 161 4174 baritis
178 4111 356 4176 concambii
380 4116 562 4176 contractus
583 4111 705 4183 stabilis
728 4113 967 4196 inperpetuum
988 4118 1020 4176 et
1039 4113 1248 4177 inconvulsus
1265 4133 1371 4195 persc-

84 4205 164 4277 vei-et,
184 4201 337 4284 presentis
355 4201 517 4266 concionis
534 4201 681 4284 paginam
699 4201 793 4283 sigilli
810 4203 910 4265 nostri
920 4203 1118 4286 inpressione
1130 4207 1162 4266 et
1172 4203 1372 4282 ydoneornnr

82 4289 192 4353 testium
219 4291 450 4374 subscriptione
472 4291 692 4355 roboravimus
712 4291 771 4354 sirb
794 4291 1050 4356 interminatione
1072 4293 1281 4356 anathematis
1301 4312 1372 4374 pre·

85 4375 226 4454 hibentes,
259 4400 298 4445 ue
323 4381 431 4462 aliqua
468 4381 618 4465 spiritalis
649 4381 841 4446 secularisve
870 4401 1005 4465 persona
1031 4383 1126 4446 huius
1159 4387 1266 4446 nostre
1297 4401 1372 4446 con-

86 4466 243 4534 stitucionis
259 4471 535 4535 continuationem
551 4473 720 4538 immutare
732 4478 787 4534 aut
795 4472 977 4536 rescindere
988 4471 1190 4554 aliquatenus
1200 4478 1371 4555 presumat.

88 4551 155 4620 tuot
179 4566 279 4626 autern
311 4566 408 4626 testes
434 4561 494 4626 hii:
527 4560 600 4626 Otto
627 4563 807 4650 prepositus
827 4563 955 4626 maioris
976 4563 1109 4628 ecclesie
1131 4563 1163 4626 in
1185 4561 1371 4644 Nueuburg,
