3400 5148
326 391 377 446 198
695 388 926 446 Urlrundenbuoh
944 380 993 447 des
1012 391 1137 447 Klosters
1156 389 1258 451 Prone.

323 541 470 606 Portensi
491 549 643 626 perpetuo
665 543 882 626 possidendos.
918 543 1044 607 Horum
1066 551 1173 608 autem
1194 561 1379 607 mansorum
1401 543 1466 606 duo
1487 547 1520 606 et
1540 542 1620 605 dimi·

323 633 395 695 dius
423 633 475 695 siti
502 637 577 696 sunt
602 633 636 694 in
662 632 868 712 (1666661616,
896 635 935 698 (16
958 634 1074 716 quibus
1092 634 1195 698 coloni
1217 635 1360 718 ipsorum
1383 631 1519 715 singulis
1540 633 1620 696 annis

323 723 452 788 solvunt
475 723 616 804 quinque
638 723 761 786 maldra
781 724 947 803 frumenti,
966 744 1048 807 pene
1069 725 1141 807 puri
1163 725 1272 800 tritici,
1292 730 1324 788 et
1345 723 1488 805 quinque
1510 723 1620 786 maldra

324 813 427 882 ordei,
451 813 484 874 in
507 811 624 892 quibus
646 813 806 876 solvendis
828 814 854 876 si
877 814 1004 894 quando
1026 814 1248 878 difficultatem
1269 814 1478 898 prestiterim,
1500 833 1519 876 a
1538 813 1620 877 bonis

323 903 443 966 eisdem
475 901 573 966 libere
603 907 753 984 poterunt
781 904 930 966 amoveri.
973 904 1103 967 Mansus
1132 925 1207 967 vero
1239 904 1386 967 residuus
1415 905 1495 967 situs
1523 905 1619 967 estin

322 992 440 1056 Widen
466 993 558 1055 iuxta
582 992 815 1073 Phillelbeohe,
843 993 883 1056 ad
909 1013 1003 1074 quem
1032 995 1101 1057 iure
1130 993 1320 1058 hereditario
1346 994 1507 1077 pertinent
1530 993 1620 1056 Hein-

322 1083 408 1144 ricus
437 1087 468 1145 et
488 1082 694 1145 Hermannus
720 1083 846 1160 tratres,
874 1083 929 1164 qui
964 1084 1098 1166 singulis
1122 1085 1214 1146 annis
1245 1083 1374 1146 solvunt
1401 1083 1440 1146 de
1468 1084 1538 1166 ipso
1567 1084 1620 1146 duo

322 1173 445 1236 maldra
477 1171 569 1236 ordei
605 1179 637 1236 et
671 1173 734 1235 dno
764 1172 886 1235 maldra
913 1173 1066 1236 frumenti
1096 1175 1242 1257 superius
1272 1174 1439 1238 memorati
1469 1181 1500 1236 et
1529 1193 1620 1238 unum

323 1263 482 1324 maldrum
519 1281 634 1342 avene,
669 1282 726 1345 pro
759 1281 822 1344 quo
855 1262 989 1346 singulis
1024 1265 1116 1326 annis
1142 1263 1230 1326 dabit
1257 1262 1441 1328 cellerarius
1467 1263 1622 1328 Portensis

323 1352 457 1436 plebano
486 1352 525 1416 de
551 1351 734 1416 Libenstete
768 1351 848 1416 duos
877 1372 977 1416 novos
1006 1352 1124 1429 bottas,
1155 1354 1180 1416 si
1210 1353 1243 1416 in
1272 1359 1384 1416 octava
1414 1355 1620 1437 apostolorum

321 1441 409 1505 Petri
430 1447 462 1506 et
482 1441 575 1506 Pauli
596 1441 635 1504 ad
657 1441 786 1506 Portam
808 1442 940 1504 veniens
961 1443 1096 1524 requirit
1116 1443 1254 1506 eosdem.
1296 1441 1409 1506 Coloni
1432 1447 1538 1506 autern
1560 1462 1621 1527 pre-

322 1531 481 1595 dictorum
508 1550 693 1595 mansorum
721 1532 805 1594 circa
826 1530 943 1594 festum
965 1531 1047 1595 beati
1069 1531 1209 1613 Martyni
1230 1532 1460 1616 presentabant
1478 1533 1513 1596 in
1534 1533 1623 1597 Porta

323 1621 486 1686 cellerario
518 1621 663 1686 Portensi
697 1641 857 1684 annonam
888 1621 1055 1704 prefatam,
1092 1622 1147 1704 qui
1173 1622 1212 1686 de
1242 1621 1312 1706 ipsa
1342 1624 1535 1687 ministrabit
1567 1624 1621 1686 duo

322 1713 457 1775 servicia
492 1712 665 1776 conventui
695 1710 855 1789 Portensi‚
891 1730 992 1774 unum
1033 1711 1181 1778 videlicet
1210 1711 1243 1774 in
1275 1712 1385 1795 vigilia
1414 1714 1622 1796 apostolorum

321 1801 407 1864 Petri
430 1809 462 1865 et
479 1802 572 1866 Pauli
593 1808 625 1866 et
646 1801 780 1866 alterum
801 1802 834 1862 in
856 1807 968 1864 octava
988 1801 1131 1864 eiusdem
1153 1802 1270 1884 vigilie,
1291 1804 1324 1864 16
1346 1802 1487 1885 piscibus
1509 1805 1623 1868 scilicet

321 1897 353 1954 et
379 1893 413 1954 in
438 1893 528 1967 vin03
559 1892 695 1956 similam
716 1892 812 1955 etiam
834 1892 874 1954 ad
892 1891 1003 1954 eadem
1027 1891 1177 1970 servicia,
1203 1891 1348 1955 siluerit
1369 1893 1407 1956 (16
1431 1892 1623 1978 beneplacito

322 1981 443 2045 domini
476 1982 612 2062 abbatis,
647 1981 831 2066 procurabit
861 1986 893 2045 et
918 1980 1042 2064 rogabit
1068 1981 1141 2044 lieri
1168 1982 1202 2042 in
1234 1981 1382 2064 pistrin03
1414 1983 1518 2066 pisces
1546 2003 1623 2060 roro,

322 2073 440 2154 quibus
470 2073 603 2152 serviet,
631 2091 694 2135 non
722 2077 816 2135 erunt
843 2070 977 2153 quilibet
999 2072 1113 2154 pisces,
1140 2072 1195 2135 sed
1217 2072 1323 2136 rumbi
1343 2073 1396 2136 rel
1417 2071 1496 2137 tales
1518 2074 1624 2156 616666,

323 2161 439 2242 quibus
460 2168 637 2250 conventus
657 2163 789 2225 honeste
810 2161 902 2224 etad
922 2160 1157 2244 heneplacitum
1178 2161 1368 2226 consoletur.
1400 2161 1448 2226 De
1468 2162 1623 2227 frumento

321 2257 428 2314 autem
449 2253 570 2335 prefato
593 2252 805 2316 derivabitur·
835 2251 966 2315 cuilibet
986 2251 1177 2331 infirmario,
1205 2251 1435 2316 monachorum
1457 2253 1579 2317 scilicet
1598 2258 1624 2316 ot

321 2361 562 2419 conversorum,
599 2361 701 2405 unum
734 2341 908 2421 maldrum,
946 2342 1087 2404 medium
1120 2339 1288 2406 videlicet'³
1317 2341 1406 2406 ordei
1430 2348 1462 2406 et
1489 2343 1624 2406 medium

321 2431 489 2507 frumenti,
517 2433 570 2512 qui
599 2451 638 2494 ea
664 2431 840 2495 distrahent
867 2438 898 2495 et
926 2431 964 2494 de
990 2431 1131 2514 ipsorum
1153 2431 1261 2513 precio
1282 2431 1535 2496 consolabuntur
1556 2451 1626 2496 suos

320 2520 466 2582 infirmos
477 2521 509 2582 in
522 2521 661 2604 piscibus
676 2528 817 2605 tempore
834 2525 957 2584 tantum
975 2520 1255 2604 quadragesimali
1265 2527 1338 2603 post
1353 2521 1623 2605 quadragesimam

321 2609 450 2672 domino
460 2610 566 2673 abbati
577 2611 628 2674 vel
641 2611 738 2693 priori
754 2611 909 2674 rationem
925 2610 1081 2673 reddituri
1092 2630 1187 2692 super
1203 2610 1297 2674 huius
1312 2611 1400 2674 modi
1414 2612 1453 2674 de
1470 2611 1625 2696 expensis.

321 2697 367 2762 Ut
387 2705 491 2763 autern
513 2701 572 2763 hec
598 2707 708 2764 nostra
725 2701 852 2763 donatio
880 2697 974 2763 firma
1003 2707 1035 2764 et
1055 2701 1245 2763 inconvulsa
1266 2706 1417 2784 perpetuo
1438 2711 1626 2785 perseveret

319 2798 499 2872 presentem
515 2793 663 2874 paginam
678 2791 812 2872 ecclesie
833 2797 1005 2854 memorate
1029 2810 1102 2853 oum
1123 2790 1217 2853 bonis
1238 2810 1333 2873 supra
1354 2792 1479 2874 scriptis
1501 2791 1624 2876 porrexi

321 2879 424 2962 sigillo
451 2880 569 2943 domini
598 2882 673 2960 mei,
700 2881 832 2944 illustris
861 2881 1012 2964 principis
1038 2879 1177 2955 Alberti,
1203 2879 1374 2964 Thuringie
1399 2880 1571 2964 lantgravii
1598 2892 1627 2944 et

320 2966 458 3030 Saxonie
480 2969 604 3032 comitis
632 2971 775 3053 palatini,
803 2967 944 3051 meoque
965 2970 1068 3051 sigillo
1095 2975 1127 3032 et
1148 2967 1310 3033 Ludewici
1336 2970 1375 3034 de
1397 2971 1626 3044 Blankenhain,

320 3058 427 3120 fratris
449 3060 559 3122 uxoris
580 3079 649 3122 nree
672 3059 700 3122 S.
722 3060 901 3142 prelibate0,
927 3059 1066 3124 fideliter
1093 3061 1329 3123 communitam.
1372 3061 1454 3124 Acta
1474 3065 1549 3123 sunt
1571 3060 1628 3122 hec

321 3166 404 3209 anno
436 3147 474 3210 ab
506 3149 724 3212 incarnatione
757 3149 877 3212 domini
908 3158 1169 3224 M⁰co⁰nx⁰v⁰,
1205 3150 1238 3211 in
1274 3149 1325 3212 die
1358 3149 1532 3228 dominica,
1567 3168 1627 3230 qna

320 3237 445 3299 canitur
467 3237 558 3300 Oculi
580 3239 656 3316 mei,
681 3240 772 3301 iuxta
792 3237 957 3315 Diuorthe
981 3238 1182 3322 presentibus
1203 3245 1236 3301 et
1256 3239 1296 3300 ad
1316 3238 1377 3302 hoc
1398 3237 1533 3302 testibus
1553 3257 1628 3301 cou-

320 3328 441 3389 vocatis
461 3327 612 3392 Bertoldo
635 3329 673 3392 de
694 3327 876 3393 Libenstete
904 3334 1016 3411 patruo
1039 3348 1126 3406 meo,
1154 3327 1324 3391 Lndewioo
1347 3329 1386 3391 de
1407 3327 1627 3392 Blankenhain

321 3417 543 3499 supradicto,
579 3418 731 3481 Heinrico
760 3425 792 3481 et
810 3418 961 3482 Bertoldo
991 3417 1143 3481 fratribus
1174 3417 1213 3482 (16
1244 3418 1444 3499 Ysoyrstete,
1476 3417 1628 3482 Bertoldo

321 3507 541 3570 vicedominol
564 3507 602 3571 do
616 3508 739 3591 Apolde
754 3514 785 3570 et
795 3507 988 3571 Theoderico
1004 3509 1101 3570 fratre
1123 3509 1200 3586 eius,
1222 3507 1375 3586 Heinrioo
1394 3513 1426 3571 et
1434 3507 1628 3571 Theoderico

320 3597 481 3678 pincernis
512 3598 550 3662 de
577 3599 718 3681 Apoldc,
748 3597 913 3661 Dithmaro
946 3598 985 3660 de
1012 3597 1205 3662 Willerstete
1235 3599 1375 3676 seniore,
1408 3597 1556 3660 Idrnfrido
1591 3596 1630 3659 do

322 3685 417 3750 Grost
431 3687 593 3765 militibus,
614 3688 767 3752 Heinrico
790 3687 943 3766 (16116616,
964 3687 1158 3750 Theoderico
1181 3688 1220 3750 (16
1231 3687 1415 3765 Β66161666,
1435 3686 1630 3750 Theoderico

321 3776 447 3840 Saxone
470 3777 508 3840 de
530 3777 654 3860 Apolde
676 3784 708 3841 et
729 3777 799 3841 61116
820 3777 973 3861 pluribus
996 3776 1148 3840 Heinrico
1171 3778 1265 3840 etiarn
1288 3775 1452 3840 cellerario
1471 3776 1631 3848 Portensi,

322 3867 376 3946 qui
397 3867 479 3929 hane
501 3873 641 3930 nostram
660 3868 862 3931 donationem
886 3868 955 3930 rice
977 3888 1033 3930 sue
1055 3867 1188 3931 ecclesie
1211 3869 1359 3950 suscepit.

391 3973 597 4085 'derbuabltur
614 4001 644 4054 D
692 3992 851 4086 buidelicet
869 3998 996 4054 videlicet
1014 4001 1044 4054 D
1097 3999 1345 4070 ῦ6611161611]
1394 3990 1635 4054 “vicedomnoY
