3402 5152
295 327 346 382 396
664 331 894 390 Urlrundenbuch
911 333 959 388 dee
978 333 1104 388 Kloeters
1122 331 1224 387 Ptorte.

293 481 391 561 gestis
416 482 634 546 confusionem
665 487 765 566 pariat
790 491 821 548 et
845 485 988 564 inducat,
1016 486 1143 568 expedit
1170 489 1240 548 acta
1266 485 1431 547 hominnm
1456 481 1590 564 sigillatis

295 570 437 653 apicibus
460 575 605 637 eternari.
648 575 694 636 Ea
717 581 842 659 propter
862 582 970 638 tenore
994 578 1192 660 presencium
1210 574 1436 644 notificandum
1450 573 1588 636 duximus

294 661 444 724 omuibus
475 671 537 725 tam
571 667 727 745 presentis
757 668 807 726 cvi
838 666 1022 730 hominibus
1052 686 1148 749 quam
1179 667 1290 744 futuri,
1331 665 1416 746 quod
1455 683 1588 728 mausum

297 769 396 812 unum
429 751 462 814 in
491 752 665 827 Gothowet,
693 774 787 838 quem
811 755 974 818 Conradus
995 755 1034 818 de
1054 755 1269 819 Muthshowel
1297 775 1315 818 a
1342 754 1434 818 nobis
1458 756 1489 816 in
1513 751 1590 816 tendo
1670 791 1671 816 t

296 843 415 920 tenuit,
444 863 516 906 cum
547 863 611 906 una
640 847 729 908 curia
755 846 873 929 prefato
902 867 1013 909 manso
1044 865 1169 909 annexa
1196 852 1227 909 et
1247 846 1378 928 reliquis
1398 846 1591 926 suisappen·

295 929 384 995 diciis
411 933 448 994 ad
475 935 575 1015 ipsius
604 933 738 997 Conradi
769 937 807 998 de
835 935 1019 1000 hinchoueb
1043 937 1230 1000 instanciam
1260 942 1329 1018 post
1357 936 1590 1018 resignationem

296 1021 333 1082 ad
363 1041 479 1085 manus
508 1030 633 1088 nostras
660 1027 892 1089 racionabiliter
920 1027 1031 1090 factam
1057 1026 1200 1089 Portensi
1230 1027 1361 1088 ecclesie
1385 1026 1417 1086 in
1443 1025 1591 1108 proprium

295 1110 439 1174 dedimus
467 1114 609 1178 volentes
633 1117 696 1178 iam
724 1120 927 1200 prescriptam
950 1115 1133 1180 Portensem
1158 1117 1321 1179 ecclesiam
1349 1115 1434 1178 hunc
1456 1133 1590 1176 mansum

295 1202 327 1262 in
351 1200 513 1266 Gothowe⁰
532 1223 609 1268 cum
635 1208 722 1268 omni
743 1207 821 1286 iure,
844 1209 987 1286 utilitate,
1008 1209 1207 1291 possessione
1228 1227 1263 1270 ac
1287 1206 1426 1269 dominio
1448 1205 1487 1268 de
1505 1211 1593 1268 cetero

296 1292 460 1375 privilegio
486 1297 684 1377 proprietatis
710 1310 862 1380 perpetuo
890 1300 1058 1382 possidere.
1101 1297 1137 1359 ln
1168 1299 1264 1362 huius
1292 1301 1398 1360 nostre
1425 1295 1594 1358 donationis

295 1383 511 1446 testimonium
534 1405 571 1448 ac
594 1387 784 1468 perhennem
807 1391 992 1452 memoriam
1016 1395 1193 1473 presentem
1212 1390 1360 1471 paginam
1377 1391 1485 1450 nostro
1503 1383 1593 1466 sigillo
1671 1465 1672 1480 χ

296 1473 447 1536 iussimus
477 1478 678 1539 communiri.
729 1477 828 1541 Cuius
854 1481 899 1542 rei
927 1485 1022 1543 testes
1050 1487 1126 1543 sunt
1156 1481 1304 1542 dominus
1333 1477 1508 1540 Heinricus
1539 1493 1596 1560 pre
1671 1485 1672 1540 l

297 1564 418 1644 positus
440 1563 602 1643 Oscensis,
635 1565 708 1630 Otto
738 1569 834 1631 trater
866 1577 986 1648 noster,
1015 1570 1174 1633 lohannes
1198 1571 1236 1632 de
1258 1569 1432 1631 Gczirstete
1463 1567 1595 1630 notarius
1671 1541 1672 1618 l

298 1658 405 1716 noster
426 1656 569 1717 canonici
592 1656 744 1737 chensis
765 1659 919 1722 ecclesied
941 1659 1090 1744 predicte,
1110 1660 1268 1722 Iohannes
1287 1659 1326 1722 de
1336 1657 1506 1733 Haneuelt,
1527 1655 1598 1717 Con-

299 1742 395 1805 radus
429 1743 467 1806 de
488 1743 648 1809 Ezilsdorl'
676 1747 806 1828 milites,
837 1748 908 1812 Otto
938 1751 977 1813 de
998 1749 1153 1814 Drutshin
1185 1750 1345 1821 militaris,
1375 1746 1597 1810 Henemannus

297 1831 401 1896 dictus
421 1833 636 1916 Remoramne,
657 1837 912 1918 Heynemannus
933 1841 1085 1922 deGyten
1107 1840 1363 1920 civeschcnses
1383 1845 1414 1901 et
1435 1837 1489 1899 alii
1511 1853 1598 1919 qnam

297 1923 411 2005 plures
464 1923 581 1989 Datum
612 1927 694 2008 Cyce
724 1949 808 1993 anno
840 1930 961 1992 domini
987 1940 1219 2007 evocem-¹11⁰,
1249 1939 1303 1992 Vl⁰
1330 1929 1403 1991 idus
1436 1923 1599 1989 Februarii·

297 2013 364 2076 Nos
385 2013 593 2080 Hermannus
613 2018 662 2081 dei
683 2022 790 2101 gracia
810 2022 1000 2104 prepositae,
1025 2019 1149 2084 Vhieus
1170 2020 1309 2084 decanus
1337 2024 1506 2099 totumque
1526 2014 1600 2096 eapi-

298 2104 402 2167 tulum
424 2109 646 2171 canonicorum
672 2129 767 2191 supra
787 2111 869 2172 dicte
886 2110 1016 2174 ecclesie
1026 2111 1291 2193 Nuenburgensis
1309 2109 1348 2172 ad
1360 2105 1597 2190 exprimendum
1672 2131 1673 2172 l

298 2199 442 2258 nostrum
474 2216 665 2260 consensum
699 2199 773 2262 huic
805 2200 966 2264 donationi
993 2201 1121 2264 affuisse
1148 2219 1278 2283 presens
1303 2199 1455 2280 scriptum
1478 2192 1601 2279 capituli
1672 2197 1673 2204 ’

299 2287 397 2348 nostri
419 2286 520 2368 sigillo
539 2288 695 2352 iussimus
715 2289 883 2354 roborare.

369 2428 470 2483 *Odor
493 2429 643 2490 Cochowe.
667 2432 796 2486 rwisclteu
814 2449 830 2486 ο
848 2432 906 2486 und
925 2439 937 2486 t
956 2434 990 2502 (cl
1011 2434 1040 2486 in
1062 2433 1152 2488 lierni·
1175 2434 1246 2486 blora
1270 2437 1295 2496 t,
1324 2431 1454 2494 merebar,
1481 2428 1603 2495 ebcnscdb

297 2509 376 2574 blara,
396 2526 411 2563 e
429 2510 492 2563 oder
512 2527 527 2564 c
547 2501 642 2565 D65¹¹
670 2512 793 2568 corchon
813 2503 904 2566 DSBb
929 2513 1121 2568 ColchuweT
1188 2501 1371 2566 bmotscbow
1392 2499 1488 2562 D86¹'
1513 2505 1602 2560 hluth-

298 2589 411 2644 shouue
438 2590 462 2642 Τ
566 2590 718 2646 ‘cotchow
736 2592 766 2646 D
782 2584 836 2646 &til
873 2593 1041 2648 (ierichouwe
1062 2593 1086 2646 Τ
1188 2583 1358 2661 “cyrenas
1377 2589 1491 2644 ecclesie
1518 2576 1604 2642 noel

298 2669 411 2724 ecclesie
429 2669 520 2725 ciczcn
538 2663 633 2724 D86''
669 2673 781 2727 ecclesie
799 2673 891 2742 Cyzen
911 2675 936 2726 Τ
1003 2673 1014 2702 ⁰
1034 2673 1134 2728 Noe—
1145 2671 1268 2726 roborari
1284 2671 1352 2737 fehlt
1371 2659 1471 2724 Dtib'l.
1493 2669 1519 2722 Τ

823 2828 951 2836 -..-
962 2829 1075 2838 η-ι-

302 2941 414 3025 1307.
442 2943 560 3024 litera
583 2945 636 3025 rt.
665 2944 950 3028 Weissent'els.
1519 2946 1607 3027 421.
1673 2999 1674 3032 1

380 3087 522 3153 Dielriclr
553 3090 704 3171 jilneercr
740 3093 918 3175 Lurrdprof
941 3115 999 3158 eon
1033 3092 1217 3174 Thilrinyen
1247 3093 1316 3156 ond
1351 3093 1532 3174 Morlepras
1556 3090 1609 3152 der

341 3178 472 3242 Louslle
504 3182 604 3261 eipnel
626 3182 706 3246 noch
728 3182 934 3264 llesipnution
956 3185 1011 3248 der
1033 3185 1243 3264 deense-epa·
1264 3185 1334 3248 dero
1355 3181 1483 3247 Klostcr
1503 3180 1611 3263 Psorie

342 3273 358 3331 1
381 3269 471 3352 ilafe
489 3273 523 3334 in
544 3273 663 3354 Kapan
683 3293 732 3338 aa.

450 3399 584 3454 Hilerda:
602 3391 695 3454 D86'¹
715 3402 767 3469 (tit.
786 3401 908 3471 Extra).¹

451 3492 565 3546 Druck:
584 3494 721 3548 Deulsch:
748 3494 832 3561 Wolff
843 3495 885 3559 II,
903 3499 963 3550 327.

380 3613 447 3678 Nos
466 3615 678 3680 Theodericus
699 3617 748 3680 dei
770 3620 875 3700 gracia
897 3621 1003 3682 iunior
1018 3617 1189 3700 Thuringie
1211 3618 1395 3700 langravius
1416 3623 1448 3681 et
1468 3617 1612 3680 marchio

302 3703 436 3768 huzacie
457 3706 607 3770 omnibns
627 3705 746 3770 Christi
767 3707 912 3773 fidelibus
934 3711 966 3772 in
987 3716 1182 3794 perpetuum.
1224 3708 1286 3789 Ea,
1314 3727 1377 3791 que
1406 3707 1554 3772 ecclesiis
1575 3725 1613 3769 er

302 3795 474 3860 donacione
495 3799 674 3882 principum
697 3797 911 3875 conferuntur,
932 3800 1027 3884 digna
1049 3805 1124 3863 sunt
1145 3799 1300 3882 scripture
1320 3799 1514 3862 testimoniis
1528 3817 1614 3860 conr-

302 3886 453 3964 mcndari,
476 3906 523 3964 ne,
544 3908 606 3970 que
626 3893 715 3970 gesta
738 3895 813 3952 sunt
837 3891 869 3952 in
892 3895 1039 3970 tempore,
1061 3909 1134 3952 eum
1149 3889 1239 3970 lapsu
1255 3891 1406 3972 temporis
1424 3887 1615 3952 amemoria

302 3975 466 4038 hominum
508 3985 705 4041 evanescant.
764 3977 960 4062 Quapropter
1000 3978 1228 4042 notificandum
1266 3977 1420 4040 duximus
1458 3977 1615 4040 omnibus

302 4065 416 4129 Christi
437 4066 593 4147 fidelibus,
614 4069 732 4150 quibus
754 4070 930 4132 exhibitum
953 4070 1046 4132 fuerit
1067 4088 1198 4152 presens
1220 4069 1384 4152 scriptum,
1412 4067 1498 4152 quod
1524 4085 1615 4129 nran-

302 4176 374 4219 snm
397 4177 497 4220 unum
520 4159 552 4220 in
575 4158 708 4237 Choine,
735 4179 830 4241 quem
852 4160 1002 4223 Nicolaus
1029 4161 1132 4222 dictus
1155 4158 1193 4222 de
1216 4155 1396 4221 llolendino
1420 4179 1437 4221 a
1458 4157 1560 4220 nobis
1583 4157 1615 4218 iu

302 4247 391 4310 leode
419 4247 541 4327 habuit,
572 4270 666 4333 quem
696 4251 794 4313 eciam
824 4249 863 4312 ab
892 4252 1001 4313 codem
1024 4249 1153 4312 Nicolao
1174 4248 1379 4331 Hennyngus
1399 4253 1615 4329 cognomento

303 4337 426 4400 Scherli
458 4345 489 4401 et
526 4339 697 4404 Heinricus
733 4343 895 4424 prescripti
936 4341 1110 4422 Hennyngi
1147 4339 1328 4402 avunculus
1369 4339 1452 4401 cives
1495 4335 1617 4399 Mense

304 4428 477 4508 burgenses
522 4430 619 4494 simili
655 4432 725 4494 iure
756 4437 942 4510 tenuerunt,
982 4435 1052 4514 post
1089 4431 1340 4511 resignacionem
1371 4427 1554 4509 Hennyngi
1588 4433 1617 4488 et

303 4516 443 4582 Heinrici
473 4521 563 4603 prius
589 4520 628 4584 ad
655 4541 770 4584 manus
798 4521 919 4584 Nicolai
949 4523 1088 4604 itemque
1117 4520 1240 4584 Nicolai
1271 4520 1310 4584 ad
1340 4537 1453 4582 manus
1485 4523 1618 4580 nostras
