3402 5152
556 407 607 468 ur.
619 409 767 464 soe-ero.
788 405 864 480 1302.
1313 410 1366 464 ase

88 562 187 644 prodeo
207 563 294 626 omni
314 561 476 646 diligentia
497 560 647 640 adhibita,
669 580 709 624 ne
729 579 785 643 per
807 579 940 624 suornm
956 557 1195 625 munimentum
1215 581 1364 644 agrorum

88 654 238 715 vicinorum
266 654 332 734 agri
356 652 482 715 valeant
508 651 672 734 depravari
701 658 733 714 et
752 653 900 734 precipue
921 653 989 734 agri
1011 651 1212 716 dominorum
1236 655 1366 717 eanoni-

87 762 176 806 rornm
201 748 308 806 nostre
329 742 595 826 Nuenburgensis
624 741 754 806 ecclesie
781 743 813 804 in
842 761 911 804 ona
939 743 1051 826 maioni
1073 744 1150 806 etsi
1172 763 1253 826 quos
1274 764 1366 827 agros

87 832 240 896 adiacentes
260 832 437 912 habuerint,
453 851 516 896 noc
535 852 592 917 per
610 831 810 915 aqueductus
824 849 884 894 neo
894 850 950 914 per
962 835 1200 897 munimentum
1217 853 1364 916 agrorum

85 921 263 987 Portensium
286 943 345 986 neo
366 942 422 1007 per
442 923 625 989 eorumdem
649 941 761 1004 pecora
781 927 871 986 extra
888 921 1090 988 Porteusium
1112 923 1229 988 limites
1250 945 1368 1010 pascua

88 1017 231 1094 (parcentia
244 1014 422 1098 aliqualiter
438 1033 642 1096 quocumque
654 1019 794 1096 tempore
804 1013 1023 1096 depraventur,
1037 1015 1209 1080 adicientes
1220 1023 1368 1100 preterea,

87 1123 117 1166 ne
142 1105 354 1168 molendinum
384 1124 504 1167 novum
533 1103 655 1186 absque
679 1121 837 1166 consensu
865 1103 992 1186 capituli
1014 1105 1144 1170 ecclesie
1165 1113 1272 1171 nostre
1293 1129 1367 1172 eon-

85 1201 220 1260 structum
263 1196 296 1258 in
328 1197 515 1278 proprietate
543 1193 685 1257 eiusdem
713 1193 844 1279 capituli
873 1213 891 1256 a
921 1193 1050 1258 domino
1078 1199 1233 1280 preposito
1268 1202 1368 1263 sancti

85 1283 210 1348 llauricii
234 1285 332 1350 abbas
356 1285 517 1349 Portensis
537 1294 568 1348 et
589 1305 669 1348 suus
690 1290 867 1347 conventus
891 1285 998 1368 aliquo
1019 1287 1121 1367 tytulo
1138 1287 1199 1350 sibi
1218 1289 1370 1373 deputent

84 1377 139 1438 sine
165 1377 238 1438 dicti
269 1377 397 1459 capituli
428 1377 556 1440 licentia
586 1375 722 1460 speciali.
770 1373 812 1438 Ut
841 1375 939 1458 igitur
968 1377 1138 1459 prescripta
1169 1381 1277 1441 omnia
1304 1385 1368 1442 tam

84 1466 307 1546 permutationis
328 1486 423 1549 qnam
445 1473 551 1528 nostre
572 1464 786 1528 concessionis
801 1462 898 1526 robur
909 1462 1012 1526 debite
1025 1465 1183 1530 firmitatis
1194 1467 1369 1550 obtineant,

82 1575 193 1635 presens
219 1558 465 1620 instrumentum
494 1555 589 1636 sigilli
618 1555 717 1618 nostri
739 1555 937 1636 inpressione
958 1553 1091 1618 lecimus
1111 1556 1261 1624 roborari.
1303 1559 1369 1623 Nos

80 1665 191 1730 quoque
219 1645 328 1710 Bruno
358 1645 407 1710 dei
428 1646 529 1728 maiia
558 1647 750 1732 prepositus,
784 1643 1015 1708 Ounemundus
1042 1645 1181 1710 decanus
1203 1653 1369 1734 totumque

78 1757 160 1818 snpra
179 1737 259 1800 dicte
277 1735 306 1798 N
310 1735 540 1818 neuburgensis
562 1735 692 1798 ecclesie
708 1735 881 1818 capitulum
904 1733 943 1796 ad
962 1736 1204 1817 exprimendum
1223 1746 1367 1804 nostrum

80 1845 258 1890 consensum
279 1827 442 1909 premissis
457 1825 613 1888 omnibns
634 1831 665 1888 et
685 1825 821 1909 singulis
843 1824 1012 1888 liberaliter
1032 1829 1208 1908 accessisse,
1229 1831 1368 1914 sigillum

78 1923 209 1980 nostrum
245 1915 445 1999 presentibus
487 1914 631 1978 similiter
661 1915 815 1979 ‹lrrximus
846 1915 1078 1997 apponendum.
1132 1916 1249 1982 Datum
1284 1939 1369 1982 anno

79 2005 187 2070 domini
213 2009 342 2071 M⁰OCC⁹⁰
364 2005 512 2084 secund0,
532 2015 587 2068 Xl⁰
599 2005 749 2068 kalendas
770 2002 962 2084 Decembris,
983 2006 1154 2070 indictione
1164 2018 1239 2072 ΧΨ.
1263 2009 1370 2072 Testes

76 2115 194 2180 quoque
215 2097 313 2160 huius
333 2097 378 2159 rei
401 2102 477 2158 sunt
494 2094 694 2162 honorabiles
716 2097 776 2158 viri
799 2094 918 2158 domini
933 2092 1109 2159 Crists'anus
1131 2099 1232 2160 sancti
1244 2097 1368 2180 Georgii

74 2187 102 2248 in
121 2186 312 2270 Nuenburg,
341 2185 502 2270 Nycolans
522 2185 734 2250 Pazauieusis
762 2185 1027 2248 monasteriorum
1048 2185 1191 2266 abbates,
1222 2188 1370 2250 dominns

72 2275 229 2340 Conradus
260 2279 438 2360 prepositus
471 2276 601 2342 ecclesia
629 2277 730 2340 sancti
758 2274 904 2338 Mauricii
929 2275 962 2336 in
993 2275 1185 2360 Nuenburg,
1221 2279 1369 2342 dominus

71 2366 224 2430 Hearicus
252 2369 290 2430 de
316 2365 467 2448 Isenberg
494 2365 635 2430 Ciceusis
661 2367 791 2430 ecclesie
820 2365 1009 2445 canonicus,
1040 2365 1199 2430 Henricus
1223 2367 1262 2430 de
1282 2367 1370 2444 Kale,

70 2456 222 2521 lohannes
248 2457 287 2520 de
307 2455 479 2535 Hanevelt,
507 2456 666 2520 Iohannes
686 2457 726 2520 de
745 2455 937 2518 Wirchuseu
961 2457 1091 2538 milites,
1115 2459 1191 2521 item
1212 2457 1370 2522 Rudoli'us

70 2547 104 2610 de
124 2547 282 2624 Banowe,
309 2545 469 2610 Henricus
490 2547 529 2610 de
551 2545 770 2628 Shonenberg,
794 2545 976 2610 Vlmanuus
997 2546 1036 2610 de
1057 2546 1229 2626 Gusonwe,
1255 2548 1370 2612 Erlrin·

69 2635 180 2716 bertus,
202 2637 339 2700 Sifn'dus
360 2637 521 2700 castellani
540 2638 575 2698 in
596 2637 802 2718 Shonenberg
823 2655 897 2700 eum
919 2637 1064 2720 pluribus
1081 2638 1155 2702 ¹aliis
1176 2638 1238 2702 fide
1259 2639 1370 2720 dignis,

138 2754 147 2782 ¹
170 2753 251 2808 Ueder
268 2751 312 2806 dre
331 2752 407 2820 Lapa
421 2753 506 2806 dieser
526 2752 621 2806 Malble
638 2752 749 2806 candele
765 2753 938 2820 nassanre'on
957 2752 1117 2815 &Lollia'ciu
1141 2753 1220 2808 Ueber
1236 2753 1279 2807 die
1297 2755 1372 2822 Lupe

67 2834 123 2886 arrd
145 2833 301 2888 Geechiclttc
317 2849 367 2886 oon
385 2833 447 2886 acbt
465 2833 581 2885 dianna
597 2849 625 2884 u.
636 2850 657 2891 a.
668 2849 701 2886 ao.
719 2833 750 2886 a'n
769 2833 894 2892 Mittlrea'l.
905 2833 932 2889 d.
949 2833 978 2888 V.
989 2836 1010 2902 s.
1021 2834 1188 2901 Erdltnrtrle,
1208 2835 1289 2888 llatle
1302 2839 1370 2890 1895

67 2913 91 2966 S.
102 2919 155 2968 106
163 2917 193 2982 (s,
285 2913 295 2942 ²
318 2913 403 2982 Wolff
417 2913 459 2979 ll,
477 2917 531 2967 255
555 2915 657 2982 sprielrt
675 2911 718 2966 die
734 2915 826 2981 paneae
844 2913 1006 2982 ealreffende
1021 2915 1206 2983 vernatione
1222 2931 1283 2982 aaa,
1307 2915 1371 2968 dass

67 2998 122 3062 aas
138 2994 241 3048 Grund
258 2993 343 3048 dieser
352 2993 516 3048 &leuinias
533 2994 577 3046 die
594 2993 841 3061 Pfdrtnn·Mdnclre
858 2993 910 3048 den
918 2993 1020 3048 Damna
1036 2997 1133 3064 petant
1150 2995 1243 3060 baben,
1261 2995 1372 3048 welclrcr

64 3076 131 3128 rroclt
144 3075 212 3142 jetti
229 3074 273 3128 die
292 3074 371 3129 san
387 3076 445 3141 aas
457 3075 543 3128 ilicem
560 3075 666 3128 rechten
690 3074 755 3142 Ufer
772 3091 822 3128 oon
841 3073 934 3128 Koa„
950 3075 990 3128 bis
1008 3075 1158 3144 Altenbarp
1176 3075 1299 3144 bcqlmtct.

61 3242 184 3324 1302.
208 3241 449 3324 November
462 3242 525 3324 23.
1281 3243 1368 3325 370.

146 3379 210 3442 Die
241 3378 371 3442 Brilder
403 3377 542 3442 Koarad
569 3380 639 3442 aad
666 3379 839 3442 Ericenbort
870 3378 929 3444 oon
959 3379 1133 3442 Tannroda
1163 3381 1273 3459 Quen
1303 3381 1372 3442 dein

101 3467 234 3532 lssosler
252 3469 362 3550 Psorte
382 3469 433 3532 ein
453 3467 623 3534 Wdldelren
644 3470 691 3532 bei
710 3470 780 3532 dem
794 3467 1046 3550 DorfeMdlleru
1065 3489 1116 3544 aaa,
1137 3469 1197 3532 deas
1209 3470 1372 3534 Christian

99 3579 163 3622 von
186 3559 317 3622 Bactra
336 3579 397 3622 oon
418 3559 514 3623 ibnen
535 3579 576 3624 aa
597 3560 704 3624 Leben
722 3561 833 3640 oetan
852 3561 917 3625 bat.

216 3677 351 3733 flaons
345 3667 472 3732 maeel
500 3677 530 3732 D
549 3668 618 3732 1231‘
637 3679 689 3745 (tir
707 3677 819 3746 Mella)

216 3770 340 3825 Dutch:
366 3771 476 3825 wracen
499 3773 559 3825 339.
597 3771 729 3824 Dentscb:
753 3770 838 3838 Wolff
858 3771 906 3838 11,
932 3773 993 3829 232
1040 3769 1092 3839 Vpl.
1112 3769 1228 3824 Pertueb
1255 3770 1284 3834 I,
1312 3773 1373 3824 121.

266 3849 564 3915 BertncleSolramelI,
584 3853 625 3910 te.

143 3953 213 4019 Nos
234 3955 397 4020 Conradus
424 3962 454 4021 et
442 3955 654 4020 ttEclrenber
642 3961 712 4020 tus⁸
740 3957 801 4020 frat
789 3963 851 4020 tres
873 3957 911 4020 de
932 3955 1095 4020 Thanrode
1116 3957 1373 4037 recognoscimus

51 4052 83 4106 et
108 4051 231 4110 notum
254 4046 389 4111 facimus
410 4047 593 4127 omnibusb,
612 4047 651 4110 ad
674 4067 811 4130 quorum
833 4050 1028 4131 presenciam
1049 4048 1233 4131 pervenerit¹
1248 4067 1378 4130 presens
1433 4115 1436 4124 ,

54 4137 243 4218 scriptume,
255 4139 341 4220 quod
351 4138 498 4201 affectum
509 4137 712 4221 singularem
724 4157 820 4220 quom
832 4139 1110 4222 semperanostris
1122 4137 1378 4220 progenitoribus

50 4225 92 4286 ad
119 4225 282 4292 Portense
313 4227 481 4292 cenobium
512 4239 543 4291 et
573 4227 683 4291 frares
712 4229 830 4292 ibidem
853 4230 1001 4311 degentes
1022 4227 1211 4306 habuimuS,
1240 4227 1380 4291 volentes

51 4317 246 4396 exprimere
273 4336 329 4400 per
360 4315 505 4382 effectum
535 4317 682 4380 silvulam
710 4319 869 4420 quamdam
903 4338 961 4381 nos
962 4325 1009 4380 tre
1037 4318 1193 4402 propriata
1196 4318 1251 4395 tis,
1284 4338 1380 4400 quam

48 4403 256 4470 Christanns
282 4407 322 4470 de
344 4406 482 4471 Bachere
512 4407 672 4490 quondam
693 4409 773 4468 civis
795 4407 1059 4490 Nnenburgensis
1081 4427 1099 4468 a
1118 4405 1239 4468 nobis
1231 4425 1263 4468 ur
1286 4407 1381 4470 feudo

50 4493 189 4574 habuit,
211 4516 307 4580 prope
328 4498 435 4560 villam
458 4495 636 4560 Meller't
589 4504 636 4560 rut
637 4517 671 4559 er
692 4497 806 4559 silvam
819 4497 1022 4561 Portensiurn
1044 4503 1074 4561 et
1097 4497 1209 4559 silvam
1230 4499 1380 4579 pincerne

46 4583 92 4645 de
120 4583 260 4650 Salecke
283 4587 376 4650 sitam
397 4593 560 4672 prenotato
579 4585 724 4649 Portensi
745 4587 906 4650 cenobio
898 4609 932 4650 nn
953 4589 1116 4670 proprium
1137 4586 1284 4650 dedimus
1305 4607 1380 4650 cum

1128 4688 1181 4746 24*
