3506 5148
318 359 370 414 516
691 355 921 416 Urlrundenbucb
940 361 989 416 des
1007 360 1132 418 Klostcrs
1151 361 1254 418 Ptorte.

318 513 546 576 monasterium
568 512 707 594 predicta
730 513 945 595 spectantibus
969 513 1050 578 hanc
1070 513 1222 578 libertatis
1240 514 1379 596 graciam
1398 517 1429 576 et
1441 511 1625 576 emunitatis

318 605 547 688 prerogativam
573 603 763 668 donavimus
793 611 824 669 et
853 606 1010 676 donamus
1040 624 1081 668 ex
1108 609 1193 668 certa
1224 605 1361 668 sciencia
1381 621 1437 686 por
1456 606 1625 686 presentes,

319 694 404 776 quod
433 689 491 776 ¹per
519 697 643 755 nostros
674 693 856 773 advocatos,
887 694 1118 758 subadvocatos
1152 700 1183 758 et
1208 694 1294 756 vices
1320 712 1430 756 eorum
1458 693 1526 756 sive
1556 691 1624 754 loca

320 788 464 848 tenentes
485 787 647 865 presentes
669 785 785 866 pariter
805 790 836 848 et
855 785 980 848 futuros
1002 785 1155 867 angariis,
1174 784 1384 867 perangariis,
1405 782 1509 862 talliis,
1530 781 1624 844 vecti-

318 873 444 955 galibus
470 890 527 935 seu
552 873 789 936 extorsionibus
809 875 895 954 aliis,
916 874 1163 958 quibuscunque
1184 872 1369 938 nominibus
1386 873 1441 935 vel
1461 869 1625 934 vocabulis

318 967 515 1040 censeantur,
536 960 691 1042 abbatem,
713 968 918 1044 conventum,
938 965 1177 1040 monasterium,
1192 963 1351 1046 grangias,
1366 961 1467 1038 villas,
1481 961 1626 1024 homines

319 1055 386 1116 sive
411 1053 494 1115 bona
519 1053 617 1116 huius
646 1053 731 1116 modi
756 1054 921 1133 nolumus,
948 1054 1027 1136 quin
1048 1054 1146 1116 immo
1168 1053 1399 1116 districtissime
1420 1050 1626 1136 probibemus

318 1145 453 1226 gravari,
474 1143 584 1206 vexari
605 1162 663 1206 seu
683 1143 863 1226 aliqualiter
883 1144 1050 1208 molestari.
1091 1143 1158 1208 Nos
1178 1145 1275 1220 enim,
1296 1143 1324 1205 si
1345 1142 1472 1224 quando
1494 1147 1525 1204 et
1546 1160 1626 1224 quo-

319 1235 406 1298 ciens
427 1233 466 1296 ab
488 1232 609 1313 abbate,
630 1241 791 1298 conventu
811 1241 843 1297 et
858 1237 1049 1297 monasterio
1069 1235 1217 1318 predictis
1230 1231 1472 1309 subvonciones,
1491 1230 1627 1294 servicia

320 1327 387 1388 sive
417 1325 499 1386 dona
530 1325 657 1406 exigere
688 1325 855 1404 volumus,
886 1326 944 1388 hoc
976 1325 1025 1387 vel
1054 1328 1125 1389 vive
1153 1326 1240 1387 vocis
1271 1321 1399 1386 oraculo
1429 1324 1480 1384 vel
1507 1321 1626 1384 nostris

319 1414 430 1478 litteris
456 1414 619 1478 faciemus.
662 1413 702 1478 Et
730 1434 770 1478 ne
795 1415 834 1477 de
858 1414 1011 1480 libertatis
1035 1416 1141 1498 gracia
1168 1419 1199 1476 et
1224 1413 1408 1476 emunitatis
1430 1412 1627 1494 prerogativa

320 1506 495 1589 premissis,
516 1523 578 1585 que
599 1503 760 1586 prelibatis
780 1504 902 1584 abbati,
922 1507 1110 1582 conventui,
1131 1503 1336 1582 monasterio,
1356 1503 1510 1584 grangiis,
1534 1500 1627 1574 villis,

320 1593 503 1658 bourinibus
532 1593 636 1676 adque
666 1593 757 1657 bonis
787 1597 946 1678 perpetuis
973 1595 1090 1658 futuris
1109 1592 1304 1676 temporibus
1326 1610 1454 1656 manere
1476 1590 1626 1654 volumus

318 1684 454 1748 illibatas
475 1683 559 1764 (sic),
590 1685 623 1746 in
654 1689 815 1767 posterum
846 1684 983 1749 alicuius
1012 1684 1181 1748 dubietatis
1208 1683 1358 1748 nubilum
1391 1683 1524 1760 oriatur,
1556 1699 1627 1762 pre-

321 1780 440 1839 sentem
481 1775 618 1838 litteram
654 1774 790 1857 desuper
820 1774 993 1838 confeotam
1024 1775 1124 1838 nostri
1152 1775 1348 1857 principatus
1379 1771 1482 1855 sigillo
1514 1770 1625 1834 maiori

319 1867 473 1930 iussimus
494 1865 644 1928 roborari.
685 1863 804 1928 Datum
824 1866 857 1927 in
877 1865 973 1928 Porta
993 1866 1089 1928 tercio
1112 1883 1214 1927 nonas
1234 1863 1376 1927 Ianuarii
1397 1882 1482 1926 anno
1503 1860 1626 1924 domiui

318 1966 458 2021 100000ο
471 1965 606 2035 XLIHI0,
620 1955 820 2038 presentibus
834 1961 866 2018 et
879 1955 1013 2021 testibus
1021 1953 1210 2018 Theoderico
1223 1955 1418 2018 vicedomino
1428 1955 1462 2015 in
1471 1951 1629 2034 Appolde,

319 2047 454 2111 Rudolfo
484 2047 522 2110 de
552 2045 700 2126 Rysclralr
734 2046 920 2123 marscalcO,
951 2045 1065 2110 Ottoue
1086 2045 1125 2106 de
1145 2043 1381 2108 Sthuteruheim
1409 2041 1567 2106 militibus
1595 2047 1627 2102 et

320 2139 494 2201 secretariis
517 2137 649 2216 nostris,
679 2135 822 2199 Conrado
851 2136 933 2198 dieto
957 2134 1059 2198 Pruze
1087 2135 1175 2198 curie
1199 2141 1305 2196 nostre
1333 2132 1568 2217 prothonomrio
1596 2139 1627 2192 et

319 2227 465 2312 pluribus
485 2227 555 2289 aliis
575 2225 638 2288 fide
659 2226 772 2308 dignis.

847 2345 1097 2361 -—...-,.-...-.

320 2451 437 2534 1344.
461 2450 630 2532 ianuar
647 2451 685 2531 3.
717 2451 881 2534 Pforte.
1533 2449 1623 2533 562.

400 2585 568 2650 Friedrich
587 2585 660 2667 [der
669 2586 871 2670 Ernstbcstc]
895 2585 1073 2668 Landpraf
1087 2605 1146 2650 noa
1159 2586 1345 2666 Tluirinpca
1364 2587 1507 2652 cerbietet
1519 2587 1625 2650 asiaca

360 2678 514 2740 Beamtcn
542 2677 577 2738 io
601 2676 787 2757 Erscabcrp,
814 2677 1015 2754 Weisscasce,
1042 2677 1247 2753 Brvltclstccll,
1274 2675 1456 2752 Ncumorlr,
1479 2677 1626 2742 mama-

360 2769 467 2849 berpa,
496 2766 617 2843 Nebre,
645 2766 838 2848 Neoenbarp
865 2769 934 2832 aad
955 2767 1155 2850 Weissensets
1183 2770 1242 2832 das
1273 2765 1401 2831 Knsrer
1431 2766 1542 2848 Pfortc
1571 2767 1626 2830 mil

360 2859 472 2940 arpena
492 2856 623 2920 walchen
644 2857 793 2938 Abpobcn
813 2877 856 2923 aa
876 2859 1072 2922 bescbweren.

472 2984 606 3042 naseas:
635 2985 679 3040 or.
697 2985 772 3055 Pap.
805 2985 850 3054 sp.
872 2985 1029 3054 amessian.
1065 2984 1189 3053 aare,
1214 2983 1375 3038 ona-sar.
1400 3013 1434 3024 -
1458 2983 1488 3037 n
1505 2987 1556 3036 134
1573 2981 1624 3050 (aa

519 3064 719 3135 Prorogativa).
750 3056 861 3120 Y308l.
899 3066 1021 3120 Drasdea
1039 3067 1077 3122 Η.
1088 3066 1127 3122 St.
1138 3066 1172 3120 A.
1191 3065 1253 3119 Loc.
1264 3067 1344 3120 8962.
1364 3063 1485 3133 Oopeyea
1495 3069 1541 3117 etc.
1552 3067 1592 3116 10.

471 3157 596 3212 meke:
619 3158 967 3213 Uaacbuld.Nacbriclrtca.
988 3159 1141 3228 pr.1719,
1160 3161 1218 3214 193.
1251 3156 1465 3223 MenckcLVBI.
1495 3154 1624 3210 Beriarlr-

522 3237 644 3291 Scbomel
661 3239 686 3304 Ι,
703 3242 765 3292 224.
802 3239 938 3294 Dentacls:
962 3239 1047 3307 Wolff
1061 3239 1103 3306 II,
1122 3242 1182 3296 44⁷.
1224 3235 1280 3307 Vpl.
1299 3236 1440 3306 »S'cbb'ttyea
1456 3239 1518 3292 244.

400 3358 588 3423 Fredericus
620 3361 669 3424 dei
700 3363 806 3443 gracia
834 3362 1008 3446 Thuringie
1037 3364 1247 3446 lantgravius,
1282 3360 1451 3424 Orientalis
1486 3359 1623 3423 marchio

321 3451 536 3532 dominusque
557 3455 638 3513 terre
659 3451 869 3532 Plysnenlsis]
891 3454 924 3516 in
938 3452 1140 3537 Ysenborgk,
1161 3451 1433 3532 inWyssensebe,
1454 3451 1489 3514 iu
1511 3449 1625 3513 Bottel-

323 3546 407 3621 stete,
427 3542 460 3604 in
472 3539 564 3604 Novo
577 3540 655 3621 foro,
675 3541 946 3626 quckersbergk,
964 3545 997 3608 in
1009 3543 1122 3625 Nebre,
1141 3545 1176 3607 in
1190 3541 1280 3606 Novo
1301 3545 1403 3604 castro
1425 3540 1624 3604 etWeissen-

322 3631 379 3693 tels
401 3631 568 3712 advocatis,
589 3631 734 3695 officiatis
755 3637 787 3696 et
807 3652 916 3696 eorum
935 3635 1020 3697 vices
1035 3632 1218 3717 gerentibus
1232 3637 1298 3695 tam
1316 3631 1517 3716 presentibus
1528 3649 1623 3712 quam

322 3722 437 3785 futuris
462 3724 602 3804 graciam
630 3743 722 3787 suam
752 3728 783 3787 et
807 3743 902 3787 omne
930 3723 1059 3787 bonum.
1104 3723 1330 3806 Iudempnitati
1361 3723 1562 3786 cenobiorum
1591 3725 1625 3782 et

322 3811 462 3874 locorum
492 3813 713 3895 religiosorum
740 3813 778 3876 ad
805 3813 907 3876 divini
932 3815 1038 3878 cultus
1065 3813 1346 3896 amplificacionem
1369 3811 1570 3876 fundatorum
1591 3815 1624 3872 et

324 3902 524 3984 singulariter
540 3902 665 3967 cenobii
681 3904 908 3968 monachorum
920 3902 1176 3968 Cisterciensium
1195 3906 1228 3966 in
1239 3903 1344 3983 Porta,
1365 3903 1450 3986 quod
1468 3922 1508 3966 ex
1521 3901 1626 3964 causis

324 3993 383 4075 piis
408 3997 440 4054 et
464 3992 586 4056 devotis
611 3994 719 4056 favore
743 3996 967 4077 prosequimur
993 3994 1134 4077 speciali,
1161 4011 1348 4058 succurrere
1373 3991 1540 4056 salubriter
1565 4009 1625 4052 cu·

323 4084 456 4165 pientes,
482 4081 574 4145 vobis
598 4085 758 4146 universis
784 4088 816 4146 et
842 4084 977 4165 singulis
997 4085 1210 4148 communiter
1229 4089 1261 4148 et
1281 4083 1411 4147 divisim
1431 4088 1463 4146 et
1484 4086 1623 4146 vestrum

324 4171 452 4234 cuilibet
477 4173 510 4234 in
541 4173 679 4237 solidum
705 4174 937 4238 dictrictissime
966 4181 997 4238 et
1016 4179 1123 4238 nostm
1144 4174 1204 4237 sub
1226 4173 1358 4238 obtentu
1379 4174 1484 4256 gracie
1505 4167 1627 4234 iuhibe-

325 4281 409 4340 mus,
438 4280 479 4324 ne
511 4264 545 4326 in
571 4269 665 4326 antea
693 4262 813 4326 dictum
839 4265 1083 4341 monasterium,
1115 4265 1259 4328 homines
1287 4270 1318 4327 et
1346 4264 1430 4327 bona
1456 4261 1626 4344 adipsum

324 4357 498 4434 spectantes
518 4357 550 4434 et
571 4353 749 4435 spectanoia
770 4353 879 4435 talliis,
899 4354 1065 4436 precariis,
1088 4355 1241 4436 angariis,
1262 4355 1472 4436 perangariis,
1492 4349 1627 4430 veotiga·
1655 4430 1659 4438 ἢ

323 4439 407 4504 libus
435 4461 492 4504 seu
522 4442 779 4524 quibuscumque
807 4444 1042 4508 extorsionibus
1072 4449 1278 4529 quocumque
1298 4445 1429 4506 nomine
1450 4439 1629 4513 nominatis,

324 4530 386 4593 illis
414 4531 581 4596 dumtaxat
609 4534 760 4616 exceptis,
789 4553 851 4616 que
878 4534 956 4616 ipsis
984 4535 1058 4596 viva
1079 4553 1155 4596 voce
1177 4533 1227 4596 vel
1248 4533 1426 4618 litterarum
1448 4537 1626 4596 lamnarum
