3392 5150
318 373 370 428 826
693 373 920 434 Urlrnndenbuch
938 375 987 434 dee
1004 375 1131 436 Kloetere
1149 380 1251 437 Plorte.

315 525 408 606 posui
434 528 465 588 et
492 526 700 590 amicabiliter
725 529 917 592 concordavi
943 549 981 593 ac
1007 532 1094 594 omni
1120 531 1184 594 iuri
1202 552 1260 596 seu
1280 533 1414 612 actioni,
1442 553 1506 616 que
1525 533 1607 596 michi

317 615 367 678 vel
402 615 509 678 liberis
539 617 619 679 meis
650 617 862 700 conpetebant
887 619 938 682 vel
971 627 1139 703 conpetere
1171 627 1302 706 possent
1326 623 1361 685 in
1381 621 1474 686 bonis
1494 622 1609 700 eisdem,

316 703 577 781 abrenuncciavi,
608 706 653 768 ita
685 713 721 770 ut
741 708 919 790 predictum
946 709 1100 774 Portense
1127 713 1356 776 monasterium
1385 733 1482 795 supra
1506 713 1609 794 scripta
1688 749 1689 756 κ

316 795 435 874 omnia,
464 801 555 878 prata
578 796 740 875 videlicet,
766 797 949 862 clausuram
975 819 1059 882 aque
1086 821 1160 864 cum
1186 801 1359 880 littoribus,
1385 803 1521 866 insulam
1546 821 1608 866 cun

315 884 461 963 arbustis,
483 885 629 948 salictum
645 906 718 949 curn
734 889 827 970 agris,
849 888 999 972 deinceps
1012 891 1081 953 sine
1097 891 1290 974 inpeticione
1305 910 1376 956 mea
1396 892 1448 956 vel
1469 893 1608 956 horedum

315 991 458 1036 meorum
486 975 619 1057 pacifice
640 976 800 1059 possideat
820 983 852 1040 et
869 977 989 1058 quiete,
1015 998 1072 1062 pro
1094 979 1211 1060 quibus
1232 979 1381 1044 omnibus
1401 1000 1421 1043 a
1441 981 1535 1045 tratre
1553 981 1609 1045 Ini-

315 1062 422 1126 derlco
437 1071 560 1127 rectore
576 1065 891 1150 curieBorsindorph
906 1086 957 1130 me
973 1087 1071 1132 unam
1081 1075 1256 1134 carractam
1271 1071 1338 1133 vini
1356 1075 1389 1134 et
1399 1071 1480 1134 duae
1500 1091 1610 1134 marcas

316 1153 467 1234 profiteor
495 1155 681 1238 lrecepisse.
723 1156 771 1219 Ne
800 1163 905 1220 autem
933 1157 1050 1221 abolita
1075 1159 1235 1223 discordia
1252 1151 1417 1223 materiam
1439 1160 1552 1224 habeat
1570 1180 1610 1224 re

315 1243 476 1322 nascendi,
497 1251 676 1328 presentem
697 1245 834 1308 litteram
856 1246 959 1329 sigillo
981 1267 1052 1312 meo
1074 1256 1107 1312 et
1133 1248 1236 1330 sigillo
1257 1249 1402 1313 Heinrici
1424 1249 1464 1314 de
1483 1249 1609 1316 Alrstatc

314 1335 377 1398 mei
414 1334 526 1397 sororii
558 1335 762 1398 communivi.
808 1337 890 1398 Acta
925 1343 1000 1400 sunt
1030 1337 1090 1418 bec
1119 1339 1152 1400 in
1184 1337 1215 1402 N
1218 1337 1355 1422 umburg
1385 1357 1470 1402 anno
1502 1340 1610 1403 domini

313 1433 421 1488 nucu
436 1433 588 1500 xo⁰1x⁰⁶‚
613 1425 646 1486 in
672 1425 830 1487 crastino‘l
850 1427 1024 1490 nativitatis
1050 1427 1140 1491 beate
1166 1427 1268 1508 Mane
1298 1429 1445 1512 virginis,
1475 1435 1610 1513 presente

315 1514 443 1576 domino
463 1513 608 1577 Conrado
625 1515 783 1597 preposito
800 1517 900 1578 sancti
912 1516 1067 1598 Mambli,
1089 1519 1181 1581 cuius
1202 1518 1298 1582 otiam
1319 1517 1461 1600 sigillum
1483 1519 1612 1602 presenti

314 1604 427 1686 pagine
449 1623 506 1686 pro
531 1604 710 1668 testimonio
730 1611 778 1668 est
799 1624 983 1688 appensum.

384 1718 548 1774 'iratribus
578 1719 636 1774 Voa
654 1720 806 1786 Naubdfara
828 1721 916 1774 Hand
938 1723 974 1776 iat
993 1738 1045 1776 con
1070 1721 1296 1790 abaryeecbn'abea
1385 1713 1466 1777 bure
1489 1724 1613 1796 recepisse

313 1802 325 1830 ⁰
344 1798 381 1851 Ia
402 1799 626 1854 delatrabant
647 1799 710 1852 aad
726 1801 798 1854 bride
816 1807 838 1854 x
856 1800 943 1855 daret
960 1801 1114 1857 Kmrelrtur
1130 1815 1182 1855 ote
1199 1801 1318 1867 madan,
1343 1802 1418 1856 nicht
1437 1803 1513 1856 malr
1530 1821 1563 1858 aar
1577 1819 1612 1856 er·

314 1879 469 1933 macedon
495 1879 669 1933 Zablreicltan
696 1879 870 1946 amittendam
898 1880 940 1934 die
958 1881 1067 1948 Lcaanp
1094 1882 1154 1950 (apl.
1168 1879 1252 1948 Wolff
1265 1899 1291 1936 a.
1308 1899 1333 1937 a.
1352 1881 1395 1950 0.)
1422 1882 1458 1936 iat
1474 1883 1612 1950 aweisdloe.

313 1957 324 1994 l
346 1960 451 2022 crastin
481 1973 483 1976 '

347 2045 348 2048 ‘
384 2057 394 2097 1
419 2059 474 2130 vpt
492 2059 543 2118 re.
554 2060 612 2117 315.
685 2058 698 2098 2
721 2058 776 2130 1⁷91.
796 2059 915 2119 ntae.

844 2191 1092 2200 *mu-..-

311 2310 429 2393 ttae.
456 2311 645 2394 (lktober
672 2314 706 2393 l.
734 2311 997 2410 llorecburg.
1530 2315 1615 2400 341,
1688 2291 1689 2376 l

391 2447 690 2530 Heinmchiscbof
698 2447 1060 2527 oooMersebarper'pact
1069 2446 1616 2531 mttzttstimmanpsetnesltaptab

351 2539 420 2600 clem
441 2537 569 2601 Kloster
587 2537 694 2619 Pforte
719 2543 738 2602 1
759 2537 850 2618 Hafa
870 2538 938 2600 aad
960 2543 982 2602 3
1002 2537 1086 2618 Ho'fe
1107 2537 1141 2601 ln
1165 2535 1322 2616 Traymtt
1341 2557 1399 2611 aa,
1428 2538 1537 2603 waldte
1556 2539 1616 2602 Abt

351 2623 491 2690 Dietricb
512 2648 570 2691 oon
591 2626 743 2708 Hennlap
762 2649 821 2691 oon
848 2626 963 2690 Ostrea
984 2627 1042 2708 fiir
1064 2631 1109 2691 24
1133 2625 1232 2689 Morio
1249 2626 1381 2707 pcbouft
1400 2627 1462 2690 tat.

460 2743 592 2801 Rosam..-
612 2745 656 2799 Or.
666 2743 740 2812 Perp
759 2763 809 2798 von
829 2745 968 2800 Portam
986 2743 1074 2797 Hand
1092 2745 1152 2813 (apl.
1167 2743 1243 2796 Posse
1255 2745 1310 2812 20).
1342 2743 1415 2798 Zwei
1431 2744 1477 2813 Sp.
1497 2745 1619 2800 Dmden

509 2823 546 2878 H.
557 2823 595 2879 St.
607 2827 639 2878 A.
659 2823 710 2882 Nr.
720 2824 862 2881 reia-D
873 2827 904 2877 14
924 2823 977 2890 (tit.
988 2821 1107 2895 Lapizc).

459 2929 567 2984 naal.-
586 2929 720 2984 amaea:
744 2929 879 2998 Wotffrr,
897 2933 957 2984 aaa.

390 3053 401 3134 ll
424 3055 462 3118 ln
493 3053 621 3117 nornine
649 3053 778 3116 domini.
808 3053 921 3116 Amen.
953 3050 1144 3132 Hlleinricus
1171 3053 1221 3114 dei
1244 3053 1345 3136 gratia
1364 3053 1623 3136 Mersburgensis

308 3143 441 3208 ecclesie
453 3144 622 3226 episcopus
634 3141 825 3206 omnibusin
841 3147 1040 3226 perpetuum.
1072 3141 1127 3222 Ea,
1150 3163 1212 3224 quo
1230 3143 1373 3207 ecclesiis
1388 3163 1429 3207 ex
1448 3141 1621 3206 donatione

307 3235 358 3296 vel
380 3229 568 3296 vendicion'e
594 3233 739 3296 fidelium
762 3233 802 3295 ob
824 3231 959 3295 salutern
982 3233 1159 3296 animarum
1182 3234 1404 3312 conferuntur,
1427 3233 1525 3315 digna
1547 3240 1623 3297 sunt

307 3323 432 3406 scriptis
448 3328 481 3386 et
492 3322 625 3386 testibus
641 3323 832 3400 confirmari,
853 3340 903 3398 ne,
925 3341 987 3402 que
1009 3328 1097 3404 gesta
1119 3329 1194 3385 sunt
1214 3323 1247 3386 in
1269 3330 1420 3406 temporo„
1441 3324 1621 3406 cumlapsu
1686 3351 1687 3370 1

307 3412 457 3495 temporis
478 3431 496 3474 a
517 3412 671 3474 memoria
692 3411 855 3473 hominum
877 3419 1077 3473 evanescant.
1109 3411 1247 3476 Proinde
1269 3431 1362 3476 nosse
1384 3414 1534 3496 cupimus
1558 3417 1622 3474 tam

307 3507 449 3586 posteros
471 3521 566 3582 qnam
588 3505 760 3583 presentes,
783 3500 867 3582 quod
889 3499 1085 3562 honorabilis
1106 3501 1264 3580 dominae,
1284 3501 1499 3566 Theodericus
1520 3501 1624 3564 abbas

306 3593 345 3657 de
371 3593 480 3671 Porta,
513 3611 614 3654 unum
641 3609 788 3653 mansum
815 3591 848 3652 in
878 3591 999 3673 eampis
1026 3590 1102 3654 ville
1128 3590 1269 3654 Trawart
1296 3591 1407 3671 situm,
1440 3591 1623 3655 solventem

306 3683 399 3744 annis
427 3681 561 3764 singulis
590 3681 670 3744 duas
698 3699 821 3742 marcas
853 3683 884 3742 et
912 3679 1077 3742 dimidiam
1106 3684 1137 3742 et
1157 3699 1215 3742 sex
1237 3679 1358 3764 pullos,
1389 3699 1463 3743 cum
1486 3680 1625 3764 pratello

306 3771 345 3834 ad
371 3771 508 3835 eundern
536 3788 683 3833 mansum
709 3770 887 3852 pertinente
908 3787 968 3832 nec
989 3788 1054 3831 non
1073 3774 1105 3831 et
1126 3773 1191 3832 tres
1212 3789 1302 3832 areas
1323 3770 1356 3830 in
1378 3769 1524 3852 predicta
1547 3769 1626 3830 villa
1685 3781 1686 3806 I

305 3862 444 3924 Trawart
474 3865 538 3923 tres
573 3859 697 3922 lotones
727 3859 891 3921 annuatim
925 3859 1084 3922 solventes
1112 3857 1151 3920 ab
1180 3857 1352 3940 Henningo
1380 3858 1419 3922 de
1447 3857 1625 3922 Oztrouvve

305 3971 362 4034 pro
379 3959 490 4012 XXIIII
507 3950 623 4012 marcis
635 3950 719 4012 iusto
736 3949 910 4031 empcionis
925 3947 1028 4027 tytulo
1046 3947 1105 4010 rite
1121 3955 1153 4010 et
1166 3947 1397 4012 rationabiliter
1412 3949 1626 4031 comparavit.

306 4039 408 4115 Quem
433 4058 581 4102 mansum
603 4059 676 4102 curn
697 4041 763 4102 suis
784 4038 983 4121 pertinentiis
1005 4043 1036 4101 ot
1057 4039 1139 4101 areis
1160 4056 1256 4120 supra
1277 4038 1412 4119 scriptia,
1435 4039 1511 4118 quia
1535 4039 1628 4102 idem

305 4128 497 4211 Honuingus
512 4127 637 4192 anobis
655 4128 687 4190 in
706 4127 803 4191 leudo
822 4127 932 4203 tenuit
953 4132 1024 4209 post
1042 4126 1288 4207 resignationem
1304 4125 1344 4188 ad
1360 4144 1476 4188 manus
1492 4131 1627 4189 nostras
1684 4183 1685 4190 v

304 4219 420 4282 iactam
448 4238 521 4281 cum
548 4219 648 4282 libere
671 4217 763 4281 nobis
785 4222 949 4280 vacantem
972 4216 1177 4290 haberemus
1204 4234 1263 4278 nos
1285 4215 1325 4278 ad
1346 4215 1495 4278 devotam
1518 4217 1629 4299 ipsius

239 4325 240 4330 ¹
304 4309 368 4371 iam
388 4309 463 4372 dicti
482 4308 605 4372 abbatis
621 4309 812 4371 instanciam
833 4306 990 4390 prelatum
1012 4325 1158 4368 mansum
1182 4305 1241 4368 sibi
1264 4305 1468 4388 porreximus
1489 4311 1526 4368 et
1549 4325 1628 4368 curn

305 4418 401 4481 snpra
429 4399 554 4482 scriptis
582 4398 778 4482 appendiciis
807 4398 840 4460 in
869 4396 1097 4459 monasterium
1130 4395 1282 4458 Portense
1313 4393 1351 4458 de
1382 4393 1485 4457 tocius
1517 4395 1628 4460 nostri

305 4487 434 4570 capituli
460 4489 603 4550 unanimi
630 4506 787 4552 consensu
812 4484 1032 4549 transtulimus
1054 4491 1086 4546 et
1107 4489 1215 4546 tenore
1235 4483 1430 4566 presentium
1453 4486 1631 4550 monsteri-

304 4595 377 4639 mus
403 4583 555 4660 perpetuo
583 4577 810 4662 possidendum
838 4594 894 4660 pro
921 4573 1021 4638 salute
1044 4573 1148 4636 anime
1171 4579 1278 4636 nostre
1299 4577 1331 4636 ot
1350 4591 1408 4656 pro
1430 4577 1631 4641 reverencia
1683 4641 1684 4674 p
