3506 5148
589 365 639 422 Nr.
650 368 798 424 ets-546.
818 363 999 422 1329—1330.
1398 362 1447 419 501

144 521 267 584 amicus
296 524 327 583 et
352 519 447 584 frater
468 525 586 600 noster,
611 519 707 582 irater
728 517 892 584 Conradus
913 517 953 583 de
972 516 1104 582 Heseler
1125 517 1270 581 monachi
1291 517 1326 580 in
1346 515 1450 596 Porta,

142 609 314 674 Heinricus
343 609 484 691 Eamus,
511 609 722 675 Theodericus
750 611 789 673 de
818 609 943 672 Heraea
972 614 1003 670 et
1020 606 1191 672 Bertoldns
1211 605 1377 670 Hartnidif
1398 627 1450 671 oa·

142 699 267 764 stellarii
298 702 398 762 nostri
425 703 458 764 in
485 699 687 790 Yscherstete
710 707 742 764 et
766 701 820 763 alii
845 698 908 762 fide
933 698 1029 782 digni.
1071 697 1189 762 Datum
1218 717 1302 761 anno
1328 697 1449 760 domiui

142 799 278 855 h⁰coc⁰
288 800 441 868 XXVH10,
464 801 507 854 V⁰
527 791 601 854 idus
623 789 775 855 Octobris.

212 923 399 978 'GritzenT
500 914 559 977 bel
578 923 644 990 fehlt
661 922 693 976 D
797 923 853 978 let
876 921 907 975 D
1011 913 1196 990 “marpurgis
1218 920 1244 973 T
1346 921 1403 973 eet
1420 919 1451 972 D
1530 968 1534 982 ,

142 993 150 1029 ¹
168 1001 289 1058 hertnidi
307 1002 337 1057 D

676 1111 927 1122 ffl-—n-——n

144 1195 257 1279 1329.
287 1193 375 1278 Mai
391 1197 448 1280 13.
477 1195 642 1280 Erfurt.
1357 1195 1449 1280 545.

222 1333 422 1398 Brachstticla
443 1335 529 1398 einer
557 1333 713 1400 Urlrunde.

294 1459 428 1515 Educta:
447 1461 521 1514 Der
540 1461 592 1529 (tu.
606 1462 713 1526 Extra).
751 1461 804 1514 Dte
821 1461 930 1516 Btotrer
948 1464 1052 1516 79-84
1069 1461 1133 1516 stad
1149 1461 1381 1530 heremari-tecm
1398 1464 1456 1529 aas

341 1541 400 1595 dem
419 1542 512 1596 letzim
529 1541 641 1595 holder
658 1547 725 1594 ersa
744 1540 819 1594 Their
836 1541 883 1595 der
906 1541 1036 1595 Urkuada
1051 1541 1206 1610 pertundes.

299 1633 476 1704 Uupedruclrt.

223 1755 325 1822 Cessit
351 1757 468 1820 nichilo
494 1759 602 1822 minus
627 1758 730 1822 dictus
750 1757 902 1822 Nicolaus
924 1758 1062 1842 predicto
1083 1761 1292 1838 monasterio,
1321 1759 1449 1824 domino

143 1845 250 1910 abbati
280 1854 311 1911 et
338 1849 511 1912 conventui
536 1849 684 1931 predictis
709 1855 738 1912 et
767 1850 800 1912 in
823 1869 877 1912 eos
898 1848 1059 1912 transtulit
1079 1850 1150 1912 iura
1170 1855 1202 1912 et
1221 1851 1364 1913 acciones
1385 1857 1449 1914 tam

143 1938 244 2001 reales
275 1958 372 2021 qnam
400 1938 594 2021 personales,
624 1937 718 2002 utiles
749 1944 780 2002 et
809 1939 958 2019 directas,
989 1937 1049 2002 sibi
1078 1958 1174 2022 super
1204 1940 1450 2024 quibuscunque

142 2027 239 2090 rebus
263 2035 295 2091 et
323 2028 436 2092 debitis
464 2034 574 2091 contra
603 2047 827 2112 quemcunque
856 2048 913 2092 seu
935 2047 1145 2112 quoscunque
1168 2031 1379 2094 communiter
1399 2031 1449 2094 vel

143 2117 287 2197 divisim,
324 2119 455 2202 collegia
489 2120 605 2198 eciam,
644 2120 881 2200 universitates,
923 2126 959 2182 nt
995 2120 1200 2202 premittitur,
1240 2125 1451 2204 conpetentes,

143 2208 280 2271 eundem
303 2209 468 2272 domiuum
491 2208 635 2273 abbatem
656 2213 689 2272 et
709 2210 851 2293 singulos
870 2209 983 2272 fratres
1002 2209 1040 2272 de
1056 2215 1214 2272 conventu
1231 2216 1450 2294 procuratores

144 2299 177 2360 in
206 2299 265 2361 hac
289 2304 378 2382 parte
405 2299 523 2362 iaciens
549 2300 583 2362 in
612 2319 680 2362 rem
702 2319 802 2364 suam.
844 2299 991 2364 Ceterum
1012 2299 1157 2382 promisit
1176 2297 1279 2363 dictus
1299 2299 1451 2365 Nicolaus

143 2408 200 2470 pro
229 2407 263 2452 se
291 2391 422 2473 suisque
454 2388 622 2453 heredibus
654 2387 736 2453 dicto
766 2391 894 2454 domino
927 2391 1055 2453 nomine
1083 2410 1146 2472 quo
1169 2411 1265 2474 supra
1287 2393 1450 2475 stipulanti

142 2479 260 2543 dictam
288 2479 493 2543 donacionem
517 2490 593 2562 pro·
613 2499 647 2544 se
669 2485 700 2544 et
721 2500 797 2545 snos
817 2482 948 2544 heredes
968 2479 1093 2543 firmam
1114 2485 1222 2544 tenere
1242 2487 1274 2545 et
1294 2501 1363 2545 eam
1385 2503 1449 2547 non

144 2587 292 2632 revocare
320 2570 354 2632 in
377 2570 442 2632 vita
463 2569 513 2632 vel
534 2570 568 2631 in
590 2575 691 2633 morte
710 2572 874 2635 occasione
895 2570 1134 2653 ingratitudinis
1157 2570 1206 2633 vel
1225 2575 1451 2654 supervenien-

143 2660 229 2722 oium
262 2658 434 2722 liberorum
465 2663 520 2722 aut
550 2659 610 2722 alia
641 2680 835 2745 quacunque
865 2663 1042 2740 occasione,
1074 2662 1202 2744 ingenio
1241 2663 1308 2725 sive
1345 2682 1450 2726 causa.

142 2747 251 2812 Testes
272 2748 368 2814 huius
389 2750 434 2812 rei
456 2755 532 2814 sunt
551 2751 701 2836 magister
712 2751 884 2815 Heinrious
905 2751 1143 2814 deSonneborn
1162 2756 1264 2814 rector
1281 2753 1449 2816 scolarium

143 2839 275 2902 ecclesie
305 2840 405 2902 sancti
432 2839 621 2922 Augustini,
648 2839 812 2903 Gotiridus
839 2840 942 2903 dictus
963 2839 1138 2902 Zoenmark
1159 2839 1198 2903 de
1217 2839 1289 2903 Oica
1317 2841 1451 2905 clericus

143 2935 176 2992 et
206 2929 353 3013 publicus
380 2931 523 2994 notarius
551 2935 582 2994 et
610 2949 705 3013 qnam
729 2931 837 3014 plures
858 2929 910 2993 alii
932 2928 994 2993 fide
1016 2930 1113 3012 digni.
1155 2929 1273 2994 Datum
1294 2936 1325 2994 et
1344 2937 1448 2995 actu-m

144 3019 301 3084 Erffordie
318 3041 402 3084 anno
423 3021 545 3086 domini
565 3029 791 3101 dcccxxix,
808 3031 850 3084 ΙΙΙ
871 3021 943 3083 idus
964 3017 1049 3082 Maii.

215 3136 227 3163 ²
245 3153 295 3206 pro
312 3135 440 3192 radleioht
459 3151 516 3190 com
533 3135 706 3190 Ahmhraiher
724 3135 897 3190 mhamlich
914 3135 1092 3206 htarupesttqt
1109 3137 1169 3205 (syl.
1184 3153 1237 3192 ror.
1248 3138 1307 3191 Zeti
1316 3141 1332 3206 )

142 3341 263 3424 1330.
289 3337 563 3422 Februartl.
1255 3329 1258 3336 ’
1357 3343 1450 3427 546.

226 3475 381 3540 Adalhcid
402 3474 575 3551 Amissae,
598 3473 746 3552 Pateria,
768 3474 936 3540 Kallacria
958 3477 1028 3540 aad
1049 3477 1105 3540 der
1124 3483 1290 3558 pasammla
1306 3477 1454 3544 Kocvcnt

184 3567 240 3631 des
267 3565 601 3631 Kathoriaeulclosters
627 3566 674 3630 bai
699 3565 855 3629 Eisenach
880 3566 1066 3648 dhertroqcn
1097 3568 1165 3631 darn
1191 3569 1319 3634 Kurra
1345 3571 1455 3653 Psorta

184 3659 247 3722 dae
277 3657 532 3721 Patroaotsrecht
564 3656 640 3720 dhar
669 3656 721 3718 dic
750 3656 1009 3737 Epidiealoapalla
1037 3659 1073 3722 in
1100 3659 1170 3722 dam
1193 3658 1292 3724 Thale
1320 3662 1367 3726 bei
1396 3663 1454 3726 der

183 3747 355 3828 Warthurp
382 3748 440 3810 mit
469 3747 525 3810 der
555 3745 790 3826 Bardamana,
821 3747 896 3809 dass
922 3748 968 3811 bei
993 3749 1199 3814 cinlrataadcr
1221 3750 1352 3816 Vulturis
1378 3753 1453 3816 awai

186 3837 356 3904 comitata
375 3857 437 3900 aus
457 3837 517 3900 dea
539 3835 689 3918 Pfdrlaer
711 3835 869 3900 Monam
889 3837 961 3901 dori
981 3839 1143 3921 macelli
1163 3842 1296 3905 merdam

298 3965 432 4022 Hdschr.:
449 3965 479 4020 D
491 3969 527 4020 88
547 3965 599 4035 (tit.
610 3967 720 4034 Extral

296 4059 408 4114 Druck.-
425 4060 558 4114 Dcutaclr:
583 4059 669 4128 Wolff
682 4058 725 4126 ΙΙ,
744 4061 803 4114 435.
845 4057 902 4128 Vpl.
922 4057 1026 4112 Ztachr.
1036 4059 1057 4125 f.
1068 4057 1139 4111 their.
1151 4057 1347 4126 GcschichleV,
1367 4061 1408 4116 18.

227 4183 294 4248 Nos
315 4205 404 4248 soror
422 4184 605 4248 Adelheidis
626 4182 796 4265 abbatissa,
823 4184 988 4267 priorissa,
1016 4182 1178 4248 celleraria
1209 4187 1359 4266 totusque
1379 4203 1454 4248 con·

135 4281 263 4340 ventus
290 4275 474 4338 monasterii
500 4279 607 4338 sancte
627 4273 779 4338 Katerine
806 4293 903 4357 prope
924 4273 1058 4337 Isenach
1085 4274 1342 4356 recognoscimus
1368 4279 1400 4337 et
1420 4275 1454 4338 in

135 4367 296 4432 noticiam
318 4366 473 4442 omnium,
494 4366 550 4448 qui
571 4372 748 4448 presentem
770 4365 906 4428 litteram
925 4364 1071 4444 riderint,
1092 4363 1248 4426 deducere
1266 4366 1456 4446 cupierrtes⁸,

136 4456 235 4541 quod
256 4454 296 4518 oh
318 4456 531 4519 reverenciam
553 4454 647 4518 lhesn
664 4454 780 4518 Christi
802 4461 833 4517 et
855 4455 986 4538 virginis
1006 4454 1105 4518 ,llarie
1124 4454 1260 4538 gloriose
1282 4455 1456 4528 reverendo

134 4551 179 4611 in
211 4543 335 4609 Christo
367 4546 447 4628 patn'
478 4564 515 4607 ac
546 4544 674 4608 domino
705 4546 835 4608 Alberto
867 4545 972 4608 abbati
1004 4549 1036 4608 et
1066 4547 1236 4608 conventui
1275 4547 1456 4610 monasterii

205 4651 469 4703 cananaeum
485 4652 632 4696 namur.
1223 4644 1256 4698 33
