3402 5152
563 396 772 456 armet—468.
794 395 975 456 lale—tert.
1375 397 1427 455 435

123 551 157 615 de
178 547 311 618 Heseler
339 553 512 618 monachus
538 555 571 616 iu
595 553 705 626 Porta,
737 553 832 616 trater
862 553 964 615 Busso
993 553 1031 616 de
1063 549 1224 616 Oberstete
1253 563 1426 615 conversus

122 642 235 704 ibidem
259 647 290 706 et
309 644 363 705 alii
385 663 480 726 quam
506 643 635 726 plurimi
657 643 718 706 sule
739 643 836 724 digni.

188 753 350 824 ³perpetuo
369 756 428 810 iure
447 755 476 809 D
548 745 624 808 bFr.
645 759 722 821 (statt
739 755 914 822 Guntherus)
934 755 963 808 D
1034 756 1043 780 ¹'
1062 753 1151 822 pobaz
1172 753 1216 832 Τ1
1268 745 1427 810 dvidelicet

122 835 198 888 witze
218 837 294 902 (statt
314 835 357 889 1th
375 834 425 889 der
447 836 539 902 wizze)
562 835 584 887 Τ
650 835 762 889 eTiezil
780 835 811 890 1)
883 826 891 862 ¹'
908 834 990 904 sigilli
1010 834 1096 888 nostri
1117 833 1145 887 I)

121 994 225 1076 1317.
254 993 379 1094 April
400 993 463 1074 29.
1023 1054 1025 1060 ·
1330 997 1427 1079 468.

204 1130 351 1193 Gmhurd
382 1128 562 1192 Morschodl
593 1129 627 1191 in
660 1129 854 1193 Gesserstedt
885 1130 1032 1211 rerbauft
1063 1129 1131 1192 dan
1162 1129 1289 1194 Ktoster
1322 1133 1429 1213 Psorte

160 1224 180 1281 4
202 1219 303 1283 Morte
326 1219 501 1304 jdbrlt'cbea
520 1219 599 1281 Zeus
622 1220 656 1281 ira
677 1219 836 1300 Lissdorf‚
859 1221 919 1282 deu
941 1241 974 1282 cr
994 1240 1052 1282 oou
1071 1219 1239 1282 derrrseibeu
1260 1243 1301 1284 aa
1322 1223 1427 1286 Leheu

157 1311 266 1388 peboht
291 1310 359 1385 tar,
389 1310 447 1390 fiir
474 1313 520 1374 32
543 1310 655 1384 Maru,
682 1311 791 1372 ruetdre
819 1311 878 1372 dos
901 1309 1029 1374 Kloster
1058 1331 1118 1374 aar
1147 1308 1299 1392 Decbun'p
1327 1315 1428 1377 seiner

158 1398 314 1462 &aarum
336 1399 453 1462 baaoblt
473 1399 536 1462 aar.

271 1516 407 1572 Halesion:
436 1517 464 1570 D
481 1521 515 1570 43
532 1517 591 1570 arrd
608 1517 754 1583 noctemals,
782 1519 844 1571 aber
871 1517 921 1570 urit
947 1518 1166 1585 amsaoprer'chen
1186 1518 1354 1588 Kitrarmpea
1379 1526 1428 1574 111

320 1597 603 1668 (titLissingisturff).
636 1598 713 1651 Τ131
720 1587 741 1652 b.

273 1686 400 1740 Mete:
421 1687 532 1754 Bdhme,
552 1686 801 1755 Herraposserseut
818 1690 860 1740 33.
898 1685 1034 1740 Deatscb:
1062 1685 1146 1754 Wolff
1157 1685 1198 1754 Π,
1214 1693 1273 1743 butt.

203 1790 363 1854 Omnibus
386 1791 501 1854 Christi
530 1791 677 1854 fidelibus
705 1809 835 1872 presens
866 1791 1016 1871 scriptum
1047 1789 1236 1870 inspecturis
1265 1811 1323 1854 nos
1352 1794 1428 1856 Ger-

122 1880 242 1944 hardus
272 1883 488 1945 marschalhus
511 1884 543 1943 in
567 1881 756 1944 Goaerstede
781 1885 890 1942 notum
920 1898 989 1942 esse
1010 1881 1157 1960 cupimus
1178 1885 1209 1941 et
1231 1883 1429 1963 presentibus

120 1971 248 2052 publice
274 1973 472 2055 profitemur,
502 1972 586 2054 quod
621 1971 658 2034 de
689 1971 772 2032 bona
803 1970 964 2032 voluntate
995 1975 1025 2032 et
1047 1971 1255 2034 connirencia
1283 1976 1425 2037 omnium

118 2061 311 2124 coheredum
340 2069 535 2140 nostrornm,
567 2081 701 2143 quorum
733 2061 896 2138 intererat,
924 2059 1051 2121 domiuo
1080 2058 1185 2122 abbati
1214 2080 1250 2122 ac
1278 2064 1428 2126 universo

119 2153 295 2214 conventui
317 2154 348 2214 iu
371 2151 467 2215 Porta
494 2152 695 2214 vendidimus
723 2151 805 2212 iusto
835 2150 1032 2212 vendicionis
1054 2151 1144 2212 tituto
1166 2151 1197 2212 in
1222 2151 1296 2213 ritis
1314 2151 1429 2233 Lyzse·

117 2240 273 2322 ghesdorf
297 2249 434 2324 quatuor
465 2261 585 2304 nrarcas
607 2233 829 2320 Vribergensis
861 2240 982 2320 argenti
1014 2242 1110 2302 annui
1144 2259 1259 2304 census
1291 2264 1346 2324 pro
1375 2247 1429 2307 tri·

118 2333 232 2412 ginta²
253 2332 377 2394 duabus
399 2334 514 2394 marcis
538 2330 761 2412 Vribergensis
783 2331 920 2410 argenti,
950 2328 1067 2412 quibus
1095 2349 1152 2392 nos
1181 2332 1263 2413 apud
1293 2332 1427 2397 Iudeurn

116 2420 283 2483 Abraham
306 2423 339 2483 in
363 2421 415 2482 Wi
440 2423 557 2484 utiliter
578 2427 776 2484 exemerunt.
819 2417 881 2492 Qui
905 2419 1033 2500 quidem
1057 2439 1173 2482 census
1196 2422 1329 2503 persolvi
1356 2443 1429 2486 con-

116 2512 249 2573 suevitr
273 2511 310 2572 de
332 2511 452 2574 mansis
474 2516 505 2572 et
526 2512 625 2572 curiis
646 2509 727 2570 inira
750 2508 882 2590 scriptis,
903 2509 1047 2589 quinque
1068 2509 1213 2572 videlicet
1233 2512 1370 2575 fertones
1392 2514 1430 2576 de

51 2639 54 2646 ·
115 2602 209 2662 curia
223 2606 255 2662 et
274 2601 405 2662 dimidio
425 2619 545 2668 manso.
566 2620 661 2682 quem
680 2599 819 2682 possidet
837 2598 988 2662 Albertus
1005 2597 1107 2659 dictus
1120 2597 1221 2676 Hane,
1241 2602 1315 2663 item
1337 2604 1428 2683 ‹prin-

116 2710 185 2772 que
207 2691 345 2753 fertones
368 2691 405 2754 de
427 2694 516 2754 curia
530 2697 560 2753 et
582 2691 714 2754 dimidio
736 2709 856 2767 manso,
878 2709 972 2771 quem
991 2689 1129 2770 possidet
1146 2689 1313 2752 Bortotdus
1327 2693 1429 2754 dictus

113 2780 277 2858 Honuon,
298 2783 371 2842 item
395 2781 525 2844 dimidia
547 2801 651 2843 marcu
674 2782 712 2845 de
733 2782 821 2842 curia
841 2786 871 2842 et
893 2779 1023 2841 dimidio
1038 2797 1156 2850 manso,
1177 2799 1272 2861 quern
1293 2783 1430 2863 possidet

112 2869 287 2932 Conradus
299 2871 401 2932 dictus
413 2869 553 2952 Kulting,
574 2873 649 2934 item
666 2871 744 2932 ferto
760 2876 791 2931 et
810 2869 960 2932 dimidius
975 2868 1113 2930 decuria
1129 2875 1160 2930 ct
1171 2869 1266 2932 dimid
1272 2872 1300 2932 io
1312 2891 1430 2950 manso,

113 2979 216 3042 quem
236 2961 374 3042 possidet
390 2960 554 3023 Oonredus
573 2961 676 3023 dictus
693 2960 731 3022 de
748 2959 843 3035 Rode,
863 2959 935 3022 item
958 2959 1037 3020 terto
1056 2958 1104 3019 vel
1123 2977 1178 3020 sex
1195 2960 1289 3022 modii
1312 2963 1378 3044 pise
1399 2970 1429 3024 et

109 3053 183 3113 duo
216 3049 294 3132 pulli
326 3051 364 3113 de
395 3053 499 3128 curia,
529 3071 625 3134 quam
652 3049 790 3134 possidet
815 3048 1022 3112 Hermunnus
1048 3049 1151 3110 dictus
1180 3048 1325 3133 Kulling,
1353 3054 1427 3116 item

109 3141 182 3202 toto
215 3147 247 3202 et
278 3147 415 3222 ‹pratuor
447 3143 525 3224 pulli
557 3141 595 3203 de
625 3133 727 3218 curia,
757 3159 854 3222 quam
883 3139 1022 3221 possidet
1053 3139 1229 3218 ernoldus
1261 3142 1334 3204 item
1367 3151 1429 3206 tres

108 3231 246 3294 lotones
266 3239 296 3292 et
318 3239 386 3292 octo
408 3232 487 3312 pulli
509 3231 547 3294 de
571 3231 673 3306 curia,
701 3249 796 3312 quam
825 3230 963 3310 possidet
985 3229 1149 3308 Comedus
1171 3230 1274 3293 dictus
1295 3231 1428 3315 Ochum,

105 3326 195 3384 item
229 3321 292 3384 loto
320 3329 351 3384 et
381 3329 517 3403 quatuor
545 3321 621 3404 pulli
650 3322 816 3398 decuria,
846 3339 942 3400 quum
970 3319 1125 3401 possidet⁰
1154 3319 1239 3382 titius
1268 3321 1430 3402 Gerhardi,

105 3415 195 3475 item
226 3412 316 3474 ouria
345 3413 471 3475 solvens
501 3413 637 3475 tutonem
667 3417 697 3473 et
727 3411 807 3472 dubs
835 3409 951 3490 pollue,
980 3427 1075 3490 quam
1099 3403 1248 3471 'Andreas
1275 3411 1367 3474 babet
1396 3415 1428 3474 in

103 3502 221 3565 feodo.
266 3497 335 3576 Qus
362 3502 490 3583 quidem
520 3502 600 3565 bona
628 3521 722 3583 supra
748 3499 850 3562 dictas
879 3500 1027 3561 universa
1053 3504 1084 3560 et
1105 3499 1230 3580 singula
1253 3521 1271 3562 a
1292 3503 1429 3583 predicto

100 3591 252 3655 domino
274 3639 302 3656 ..
324 3589 436 3654 abbate
465 3597 496 3655 et
525 3612 582 3655 suo
606 3592 796 3654 monasterio
817 3591 851 3652 in
872 3588 962 3651 feodo
983 3588 1154 3652 habuimus
1176 3599 1206 3653 et
1227 3591 1287 3652 sibi
1309 3611 1430 3676 sueque

99 3683 254 3747 ecclesie
283 3680 380 3744 libere
408 3683 642 3763 resignavimus
669 3687 699 3746 et
721 3679 922 3763 presentibus
945 3682 1145 3764 resignamus
1165 3681 1430 3746 abrenunciantes

96 3769 273 3836 omuibus
305 3771 445 3852 iuribuS,
474 3792 536 3855 que
567 3771 659 3834 nobis
687 3779 743 3834 aut
773 3773 889 3833 nostris
919 3770 1126 3832 coheredibus
1154 3773 1192 3832 in
1216 3773 1306 3835 dictis
1341 3773 1430 3836 bonis

96 3860 332 3944 conpetebant
354 3881 412 3925 seu
433 3870 562 3946 possent
583 3867 749 3945 conpetere
771 3863 803 3924 in
826 3863 986 3940 futurum,
1015 3861 1238 3924 transferentes
1266 3865 1299 3924 in
1329 3865 1379 3925 ius
1401 3871 1432 3926 ct

95 3952 300 4018 dominium
335 3953 465 4034 predicti
494 3955 675 4016 monasterii
706 3953 935 4035 possessionem
958 3950 1112 4013 honorum
1137 3952 1320 4014 eorunrdem
1343 3954 1431 4016 nullo

96 4043 217 4107 uobis
241 4042 309 4104 iure
330 4044 363 4105 in
386 4043 463 4126 ipsis
485 4043 576 4106 bonis
597 4046 724 4126 penitus
748 4048 917 4106 reservate.
958 4041 1007 4104 Ne
1037 4043 1151 4124 igitur⁰
1179 4043 1337 4124 predictus
1357 4063 1430 4105 cou-

93 4139 244 4199 tractus
273 4134 387 4214 quovis
419 4135 663 4216 interrupcionis
692 4134 840 4214 scrupulo
863 4133 966 4194 valcat
986 4131 1155 4210 infirmari,
1179 4153 1235 4194 nos
1256 4141 1287 4196 et
1308 4141 1431 4196 nostros

89 4221 293 4289 coheredes
322 4243 418 4308 super
451 4227 616 4288 evictionis
649 4229 680 4288 et
712 4223 965 4306 giraraudiurum
999 4223 1205 4286 caucionibus
1235 4225 1432 4287 iusticialiter

87 4311 325 4400 presentibus
357 4315 545 4398 obligamus.
596 4315 633 4378 In
667 4317 760 4377 cuius
791 4316 836 4376 rei
870 4315 1088 4376 testimonium
1118 4333 1248 4395 presens
1279 4317 1431 4397 scriptum

87 4409 260 4486 desuper
285 4405 462 4469 coniectum
493 4412 600 4470 nostro
628 4406 730 4488 sigillo
759 4405 892 4466 fecimus
921 4404 1068 4466 roborari.
1116 4403 1157 4465 Et
1186 4424 1243 4467 nos
1272 4404 1433 4467 Hernicus

88 4491 340 4560 marschaicus
372 4496 410 4558 de
444 4496 631 4560 Goaerstede
668 4496 925 4577 recognoscimus
958 4499 1066 4556 tenore
1102 4497 1300 4576 presencium
1336 4515 1433 4577 supra

84 4587 244 4669 scripta
278 4587 440 4650 veritatem
474 4589 636 4650 continere
663 4592 693 4650 et
724 4588 756 4647 in
789 4585 984 4648 evidentiam
1017 4587 1242 4666 premissorum
1273 4591 1303 4648 et
1334 4585 1433 4650 nostri
