3400 5148
310 341 358 396 168
680 341 905 398 Urkundcnbuch
927 341 974 396 des
996 341 1121 397 chsters
1140 343 1243 400 Plorta.

308 491 479 572 vulgariter
516 492 728 578 appellantur.
765 514 780 553 n
811 494 872 554 ium
904 494 987 556 (licto
1014 493 1198 556 nmlenrline
1227 493 1316 556 nobis
1344 494 1526 576 persolvent
1549 495 1595 556 im-

306 589 494 666 perpetuum
524 588 555 644 et
582 582 666 645 idem
692 582 911 646 molendinum
939 585 971 645 in
998 584 1085 658 loco,
1112 603 1174 664 quo
1200 603 1287 646 rrunc
1314 591 1532 648 corrstructunr
1551 593 1595 650 est

305 671 344 736 de
372 679 478 734 nostra
503 671 711 753 permissione
740 677 772 734 et
793 672 956 736 voluntate
985 673 1024 736 ad
1051 691 1177 736 omnem
1206 673 1373 736 utilitatem
1396 673 1596 741 Portensium.

306 781 368 843 quc
389 779 475 824 nunc
497 767 545 823 est
564 767 595 823 et
616 761 647 822 in
668 767 829 844 posterum
845 763 983 845 potuerit
999 761 1237 844 quomodolibet
1252 764 1434 846 provenire,
1456 769 1596 848 perpetuo
1684 798 1685 821 r

304 848 533 934 perseverabit3
564 851 741 932 portionem
774 871 901 933 quoque
930 857 1084 930 nostram,
1114 871 1209 932 quam
1230 852 1262 914 in
1286 854 1417 934 antiquo
1438 853 1597 918 habuimus
1684 840 1685 879 l

276 995 279 1000 .
305 939 488 1004 molendino
526 940 703 1004 secundum
734 942 953 1025 proportiones
985 941 1131 1024 superius
1162 947 1366 1018 memoratus,
1402 942 1599 1007 Portensibus
1683 1007 1684 1012 ,

306 1030 485 1092 dimisimus
504 1049 560 1112 pro
581 1049 688 1092 annua
708 1031 859 1113 pensione
881 1031 943 1093 iam
966 1049 1125 1112 expressa.
1161 1029 1208 1092 De
1227 1032 1311 1112 agris
1328 1051 1404 1094 rere
1419 1033 1598 1096 rusticorum
1683 1037 1684 1092 f

306 1123 486 1182 nestrorum
506 1119 539 1180 in
562 1119 763 1190 Mertindorl,
786 1139 865 1200 qnos
879 1139 936 1203 per
951 1120 1033 1184 idem
1052 1119 1269 1184 molendinum
1286 1120 1408 1184 destrui
1420 1123 1600 1187 timuimust

190 1239 192 1245 v
305 1208 409 1272 taliter
435 1212 482 1271 est
509 1213 692 1271 tractatum:
721 1210 888 1272 deminusc
917 1209 1014 1272 abbas
1045 1216 1076 1272 et
1101 1215 1279 1272 corrveutus
1309 1211 1441 1274 totidem
1462 1231 1554 1294 agros
1572 1212 1597 1272 in

304 1297 587 1380 reconpensatione
609 1304 789 1360 nostrorum
810 1317 959 1380 agrorum
980 1299 1012 1360 in
1031 1298 1220 1362 Mertindorl
1234 1299 1273 1362 de
1289 1301 1477 1384 proprietate
1498 1301 1601 1364 domus

308 1406 364 1452 sue
402 1387 517 1450 nostris
555 1387 737 1449 hominibus
775 1387 965 1451 dimiserunt
1004 1394 1035 1450 et
1067 1395 1256 1472 receperunt
1283 1409 1376 1472 agros
1405 1391 1545 1473 ipsorum
1574 1389 1600 1450 in

307 1475 529 1541 concambium
565 1477 671 1558 quiete
703 1484 734 1540 et
762 1482 912 1561 perpetue
944 1478 1166 1561 possidendos,
1204 1479 1383 1543 seeundum
1419 1478 1503 1562 qued
1536 1485 1602 1542 tunc

306 1566 473 1630 videbatur
499 1564 592 1629 nobis
619 1573 651 1630 et
679 1568 796 1630 nostris
820 1567 1002 1632 hominibus
1028 1568 1189 1651 expedire.
1240 1571 1322 1632 Acta
1353 1574 1428 1633 sunt
1448 1569 1508 1633 hec
1529 1587 1602 1632 anno

306 1655 427 1720 domini
451 1665 678 1736 n⁰cc⁰L⁰v⁰,
706 1676 806 1720 nonas
824 1657 912 1737 Iulii,
941 1657 1149 1740 pontificatus
1171 1658 1272 1721 nestri
1292 1677 1377 1720 anno
1396 1667 1463 1722 XJ⁰.
1507 1657 1604 1722 Huius

308 1747 353 1810 rei
394 1749 490 1810 testes
523 1752 597 1809 sunt
624 1747 784 1810 Heroides
820 1748 1000 1831 prepositus
1029 1747 1196 1828 CyzensiS,
1235 1747 1404 1812 Ormradus
1440 1747 1478 1812 de
1509 1747 1603 1812 Hallis

306 1835 449 1900 eiusdem
470 1835 532 1898 loci
551 1838 739 1913 canonicus,
765 1837 938 1901 Heinricus
967 1837 1071 1900 dictus
1092 1837 1292 1922 Prepesitus,
1318 1836 1491 1902 Heinrieus
1510 1837 1604 1921 capel-

306 1927 398 1990 lanus
420 1932 452 1988 et
471 1924 645 1990 Heinrieus
665 1928 753 1991 curie
775 1933 881 1990 nostre
904 1927 1047 1990 notarius
1061 1927 1181 2005 clerici,
1203 1925 1410 1990 Meinhardus
1422 1926 1605 2008 burgravius

307 2015 458 2097 byzensis
480 2015 583 2078 dictus
605 2015 644 2079 de
666 2015 841 2095 Wolftizci,
869 2016 1083 2080 Heidenricus
1104 2017 1143 2080 de
1165 2015 1342 2080 [ibenheim
1363 2015 1493 2096 militae,
1513 2016 1605 2080 Hein-

307 2105 391 2168 ricus
404 2105 442 2168 de
455 2103 574 2184 Salice,
595 2103 784 2168 Ludewieus
805 2104 931 2168 villicus
953 2105 1012 2168 det
1028 2105 1231 2188 Scorrcnberg
1252 2112 1284 2170 et
1304 2105 1357 2169 alii
1382 2125 1478 2188 quam
1499 2105 1606 2189 plures.

1422 2209 1434 2248 d

378 2219 555 2289 ³heymezen
596 2220 621 2273 Τ
658 2210 896 2275 ''cureuimusT
945 2217 1065 2273 tdictus
1084 2219 1367 2288 (atattdominus)1'
1454 2218 1608 2275 wolfriesT

308 2299 412 2354 ‘inl'

836 2407 1087 2420 *w-

308 2471 420 2554 1255.
447 2474 474 2557 J
477 2471 541 2554 ull
568 2470 632 2553 25.
1522 2468 1607 2550 14⁴3.

396 2603 526 2670 Wcrner
552 2606 627 2682 Abt,
660 2604 798 2669 Konrud
825 2603 951 2685 eope,
972 2605 1106 2669 ‘Arrrotd
1133 2602 1276 2668 Dechant
1303 2604 1371 2667 arod
1401 2604 1460 2668 dus
1485 2600 1610 2685 Kapitel

348 2697 401 2760 des
423 2693 564 2758 chstcrs
584 2693 730 2776 Hersfelri
751 2694 916 2772 beabtinen
938 2695 997 2757 den
1015 2695 1160 2775 Verteris
1175 2715 1233 2758 corr
1256 2699 1277 2756 4
1299 2693 1410 2774 Hufen
1431 2694 1468 2757 in
1478 2692 1610 2758 flascu-

350 2783 433 2849 lebcn
457 2784 514 2865 fiir
536 2789 601 2848 100
622 2783 720 2847 Murio
741 2784 853 2846 seitens
873 2783 955 2846 iares
977 2783 1212 2847 Ministcrialen
1237 2782 1379 2847 Herbcrd
1399 2801 1458 2846 ven
1478 2781 1610 2846 nesa-

349 2873 433 2938 leben
459 2895 502 2936 an
523 2875 582 2936 das
602 2872 730 2936 chster
753 2870 859 2954 Psortc
878 2872 947 2935 uod
968 2872 1076 2951 menen
1098 2867 1246 2936 letttcrem
1266 2891 1360 2952 pepen
1381 2870 1449 2934 cine
1470 2869 1611 2949 Zatlunp

349 2985 408 3029 oon
433 2969 453 3028 9
474 2961 574 3027 Mea-ir
598 2963 649 3027 die
667 2961 837 3044 petauftcn
858 2959 971 3043 Hafcn
987 2981 1037 3027 cu.

460 3080 592 3135 Hdscbru
612 3079 703 3134 D38¹³
724 3079 862 3147 (titver),
884 3079 992 3134 Tmen.

461 3187 574 3240 moer.-
593 3185 728 3240 Detracta.-
753 3185 896 3253 WolffII,
917 3190 957 3243 74.

389 3293 427 3356 Iu
447 3293 576 3355 nemine
598 3292 726 3355 domini.
769 3295 881 3356 Amen.
913 3292 1111 3355 Wernhenrs
1129 3291 1181 3355 dei
1198 3292 1299 3372 gratia
1315 3291 1425 3370 abbas,
1447 3290 1611 3356 Cunradus

311 3384 502 3468 prepositus,
523 3383 685 3447 Arnoldus
705 3382 844 3446 decanus
863 3388 1028 3464 totumque
1043 3381 1217 3466 capitulum
1229 3381 1466 3446 Hersieldensis
1481 3380 1610 3446 ecclesie

312 3474 469 3536 universis
504 3473 619 3536 Christi
653 3472 803 3536 fidelibus
835 3473 866 3534 in
896 3478 1094 3555 perpetuum.
1141 3471 1221 3535 Cum
1250 3472 1353 3535 omnis
1381 3477 1449 3534 etas
1475 3471 1513 3534 ab
1539 3469 1612 3532 adc-

311 3562 462 3626 lescentia
499 3582 557 3625 sua
593 3582 693 3645 prona
730 3563 770 3625 sit
805 3563 837 3624 in
873 3562 1007 3640 malum,
1041 3569 1074 3624 ut
1107 3561 1394 3644 calumpniatorum
1427 3561 1613 3644 reprimatur

311 3653 484 3730 temeritas,
520 3652 690 3734 legittime·
725 3653 808 3714 taeta
844 3656 1041 3735 posterorum
1081 3649 1322 3714 transmittenda
1354 3650 1470 3714 noticie
1500 3649 1613 3731 scripto

310 3743 459 3806 convenit
480 3742 668 3825 perpetuari.
709 3741 793 3804 Hinc
814 3747 875 3820 est,
897 3741 982 3822 quenl
1003 3745 1142 3826 nestum
1163 3738 1363 3823 presentibus
1385 3759 1480 3821 quam
1501 3737 1614 3802 futuris

311 3840 421 3894 notum
457 3851 526 3895 esse
566 3830 714 3893 volumus
752 3835 784 3892 et
815 3836 975 3908 constare,
1010 3829 1113 3911 (pund,
1147 3849 1218 3891 cnm
1249 3827 1346 3891 abbas
1377 3835 1409 3892 et
1439 3832 1613 3892 conventus

311 3922 493 3985 monasterii
523 3921 561 3983 de
585 3921 679 3985 Porta
707 3921 826 3984 ordinis
848 3919 1092 3999 Cysterciensis,
1119 3918 1383 3999 Nuenburgensis
1412 3918 1568 3998 dyocesis,
1597 3935 1613 3976 a

310 4010 493 4090 Herbordc,
523 4010 590 4073 filio
618 4011 741 4091 antiqui
769 4010 924 4073 Reinhidi
954 4010 993 4073 de
1020 4009 1299 4087 Hentscesleiben,
1328 4013 1465 4088 qrratucr
1490 4025 1614 4070 manses

310 4101 344 4164 iu
376 4099 487 4164 eadem
516 4100 592 4163 villu
620 4107 651 4162 et
679 4119 759 4182 page
790 4099 1054 4162 chtscesleiben
1089 4119 1145 4180 pro
1178 4108 1197 4161 b
1229 4099 1343 4160 marcis
1375 4097 1496 4180 argenti
1529 4115 1615 4158 com·

311 4195 474 4274 parassent
514 4196 546 4252 et
588 4190 663 4252 dicti
706 4191 805 4253 mansi
851 4191 919 4252 iure
961 4189 1161 4272 proprietatis
1197 4188 1237 4250 ad
1269 4196 1409 4252 nostram
1450 4186 1614 4251 ecelesiam

308 4281 519 4362 pertinerent,
546 4279 643 4342 abbas
665 4285 696 4343 et
717 4285 894 4344 conventus
912 4278 1024 4362 prefati
1047 4279 1230 4341 nronasterii
1252 4278 1291 4340 ‹le
1314 4277 1409 4340 Porta
1431 4296 1525 4359 super
1543 4293 1614 4356 pre·

310 4371 434 4454 scriptis
463 4371 582 4432 mansis
610 4377 717 4432 nostre
744 4369 996 4432 confirmationis
1022 4386 1187 4430 assensum
1216 4367 1381 4430 humiliter
1406 4363 1614 4448 postrdabant.

308 4459 375 4523 Nes
403 4463 508 4523 antem
540 4479 577 4521 ea
605 4459 689 4522 ducti
723 4458 935 4541 previdentia,
967 4457 1052 4538 qued
1084 4475 1135 4520 ex.
1156 4456 1249 4519 bonis
1280 4457 1344 4518 iam
1377 4455 1469 4518 dictis
1500 4453 1535 4516 de
1569 4458 1612 4512 tot

309 4549 456 4612 manibus
477 4555 509 4612 et
529 4568 639 4614 eorum
663 4547 832 4612 heredibus
855 4548 909 4610 vix
931 4552 986 4610 aut
1006 4565 1171 4630 nunqnam
1186 4546 1344 4610 vacaturis
1359 4544 1455 4606 nichil
1475 4559 1613 4622 unquam
