3392 5150
303 401 356 455 ‘284
674 399 903 460 Urkundenbuoh
921 399 970 456 dea
988 399 1113 456 Klostere
1130 399 1232 459 Psorte.

305 551 491 616 Michahelis
511 558 543 616 et
563 552 713 636 deinceps
733 557 895 636 perpetuo,
918 554 1210 634 quocienscumque
1230 567 1360 616 necesse
1375 549 1479 628 hient
1500 555 1587 625 omnia

306 647 337 704 et
357 640 495 723 singula,
523 661 585 722 que
613 648 753 706 meatum
774 662 812 704 ac
833 642 1004 706 decursum
1025 641 1136 724 prefati
1159 641 1255 704 rivuli
1275 646 1426 724 poterunt
1444 643 1589 726 impedire.

305 730 444 794 abiciant
472 737 503 794 et
529 736 722 814 expurgent,
748 750 788 794 ne
815 737 905 814 prata
925 731 977 795 vel
997 750 1114 815 pascua
1135 730 1331 806 adiacencia,
1358 732 1385 794 si
1413 741 1589 797 memoratus

305 820 428 884 rivulus
449 829 588 884 meatum
611 840 704 883 suum
727 820 869 884 debitum
889 840 952 883 non
975 820 1129 896 habuerit,
1152 821 1185 882 in
1207 819 1356 902 paludem
1378 823 1502 904 penitus
1521 825 1589 888 redi-

306 916 434 988 gantur,
460 911 499 973 ad
531 910 616 992 quod
642 910 825 974 iaciendum
847 910 980 994 predicti
1001 909 1131 973 abbates
1152 927 1186 973 se
1206 911 1238 973 iu
1263 913 1362 974 nostri
1383 918 1415 976 et
1435 914 1589 978 multorum

260 1027 261 1030 ¹
306 1001 511 1064 honestorum
541 1002 678 1063 virorum
707 1001 872 1084 presencia
894 1000 1081 1082 obliganmt.
1124 999 1207 1063 Sane
1228 1019 1269 1064 ne
1290 1021 1386 1084 super
1404 1003 1499 1067 umus
1518 1005 1589 1067 modi

307 1091 540 1175 conposioionis
571 1093 673 1154 forma
701 1091 808 1172 aliqua
835 1092 866 1153 in
896 1097 1057 1174 posteram
1085 1093 1302 1154 controversia
1331 1092 1436 1156 valeat
1461 1094 1589 1160 suboriri.

307 1186 483 1262 presentem
511 1180 649 1243 litteram
675 1181 833 1244 conscribi
861 1187 893 1244 et
918 1201 988 1244 eam
1015 1186 1077 1244 tam
1108 1182 1226 1244 nostris
1256 1201 1352 1263 quam
1377 1184 1589 1247 venerabilium

307 1274 446 1352 patrum,
474 1270 597 1334 abbatis
625 1271 773 1334 videlicet
799 1271 838 1334 de
860 1270 1077 1334 Volkalderod
1106 1291 1143 1334 ac
1172 1275 1245 1334 ante
1273 1270 1431 1336 dictorum
1459 1273 1590 1336 abbatom

308 1358 346 1421 de
369 1359 464 1422 Porta
493 1364 524 1422 et
550 1360 589 1424 de
610 1360 846 1442 Rypbenstein,
878 1361 990 1444 sigillis
1010 1362 1145 1424 fecimus
1166 1363 1365 1425 communiri.
1406 1363 1512 1427 Testes
1530 1375 1592 1427 sunt

307 1445 466 1512 Iohannes
486 1456 597 1513 cantor
617 1455 650 1512 et
669 1451 829 1514 Iohannes
850 1451 889 1515 de
910 1450 1021 1514 Aluelt
1043 1450 1189 1514 monachi
1209 1452 1243 1513 in
1265 1451 1487 1531 Walkonride,
1515 1452 1591 1518 Ditb-

307 1557 416 1601 marus
442 1538 626 1602 cellerarius
653 1545 685 1602 et
711 1540 765 1602 Tb.
791 1541 943 1623 magister
969 1559 1196 1604 conversorum
1220 1541 1252 1602 in
1279 1539 1592 1622 Volkolderode,l'l1.

306 1627 489 1690 cellerarius
521 1635 553 1692 et
573 1628 759 1712 Herningus
788 1630 936 1692 monachi
966 1630 998 1691 in
1028 1629 1138 1706 Porta,
1169 1629 1330 1694 Henrious
1362 1631 1540 1696 cellerarius
1569 1644 1594 1696 et

307 1716 514 1782 Hermannus
535 1719 729 1780 camerarius
751 1718 790 1781 dc
812 1718 840 1776 V
843 1718 904 1781 alle
928 1717 1013 1781 beati
1035 1718 1157 1796 Georii,
1182 1718 1336 1783 Albertus
1362 1723 1550 1786 camerarius
1567 1723 1592 1783 in

307 1805 514 1888 Riphenstein
544 1814 577 1870 et
608 1807 715 1890 plures
746 1807 800 1869 alii
831 1808 895 1870 lide
928 1807 1024 1890 digni.
1066 1809 1148 1870 Acta
1179 1805 1253 1871 snut
1283 1809 1342 1874 lrec
1374 1829 1458 1874 anno
1489 1813 1593 1876 domiui

307 1904 641 1974 ll⁰ae⁰nxxx⁰1x⁰,
662 1897 773 1978 quinto
795 1897 879 1977 ydus
899 1896 982 1960 Iulii.

916 2080 995 2088 ·———
1004 2079 1078 2086 ...n——

309 2197 425 2280 1290.
1513 2199 1593 2282 28b.

389 2355 554 2418 Hermann
581 2355 650 2417 aad
674 2353 828 2418 Heinrich
850 2352 975 2433 Grafen
1004 2373 1062 2416 voa
1087 2351 1240 2434 Osterfeld
1265 2353 1375 2434 apum
1400 2355 1483 2418 riade
1503 2355 1599 2434 Resip-

348 2445 458 2508 nalion
482 2445 535 2508 des
556 2444 656 2508 domii
674 2443 830 2509 belebaiea
851 2441 1004 2504 ilenrico
1024 2462 1083 2506 von
1107 2442 1203 2506 Grdst
1219 2447 1360 2524 genennt
1382 2445 1520 2511 Smertai
1538 2447 1600 2508 dem

348 2533 475 2598 Kloster
499 2533 605 2616 Pforte
627 2534 665 2615 ¹12
687 2531 777 2614 Hafa
797 2533 833 2596 ia
859 2529 1063 2596 Obermdllem
1083 2551 1133 2598 eu.

460 2671 593 2727 aaran:
622 2671 666 2729 er.
688 2671 762 2737 rara
786 2689 836 2724 mn
861 2671 1001 2724 maaser
1025 2653 1114 2723 uana
1135 2671 1193 2740 (aa.
1219 2671 1297 2726 nae
1312 2673 1369 2740 aa).
1391 2673 1480 2743 ,aaa
1496 2675 1538 2742 sp.
1562 2675 1602 2726 aa

505 2751 627 2821 pasalan.
666 2751 765 2818 Pforta
785 2751 933 2804 statanor
952 2749 985 2802 Β.
996 2753 1028 2802 11
1058 2780 1085 2788 -
1108 2748 1138 2803 D
1152 2741 1221 2804 122b
1238 2752 1290 2816 (m.
1308 2751 1421 2821 Mella).
1445 2753 1471 2806 Τ
1484 2743 1536 2810 orl.

458 2857 572 2911 Damocle:
592 2856 729 2911 Deatselr:
754 2856 839 2924 Wolff
845 2855 888 2923 11,
898 2859 959 2910 222.
990 2855 1045 2924 Vpl.
1060 2854 1160 2908 Braaa
1168 2859 1211 2910 23.
1237 2857 1359 2922 Boebme,
1378 2857 1604 2913 Nocbrirlrtmdi.

389 3003 455 3065 Nos
486 3001 692 3065 Hermannus
724 3007 756 3063 et
781 2999 942 3064 Henricns
967 3000 1081 3062 batres
1108 3000 1159 3063 dei
1188 3001 1288 3082 gratia
1314 3002 1446 3065 comites
1473 3003 1543 3066 dicti
1570 3001 1604 3063 dr

309 3090 469 3154 Osteruelt
488 3097 597 3154 tenore
620 3091 814 3173 presentium
835 3090 1093 3171 recognoscimus
1114 3094 1146 3152 et
1167 3090 1206 3151 ad
1232 3091 1380 3154 noticiam
1402 3097 1468 3154 talu
1486 3111 1607 3175 prosen-

309 3182 387 3243 tium
419 3200 513 3262 quam
544 3181 724 3243 frrturorunr
756 3180 903 3262 cupimus
932 3179 1115 3261 pervenire,
1147 3179 1230 3259 quod
1265 3179 1432 3243 dimidium
1467 3199 1607 3244 mansum

309 3271 405 3332 situm
427 3271 457 3332 iu
483 3269 792 3347 rillaObe1·meller⁸,
813 3273 931 3351 septem
955 3267 1385 3351 solidosNuenbnrgensiam
1409 3271 1607 3334 donauerum

309 3360 474 3423 aunuatim
497 3360 687 3434 solventem,
716 3378 810 3440 quom
832 3358 992 3421 Hemious
1019 3358 1058 3420 de
1085 3359 1180 3422 Grost
1205 3361 1449 3440 cognominatus
1471 3359 1606 3424 Smelinl

310 3449 440 3512 anobis
461 3450 494 3511 in
514 3450 608 3514 feodo
632 3450 742 3528 tenuit
763 3453 834 3530 post
854 3447 1100 3529 resignationem
1123 3448 1163 3510 ad
1183 3467 1297 3512 manus
1319 3455 1444 3513 nostras
1461 3450 1611 3533 legittime

308 3540 423 3602 iactam
449 3539 592 3602 Portensi
614 3539 747 3603 ecclesie
767 3538 801 3600 in
822 3537 984 3620 proprium
1006 3537 1153 3601 dedimus
1174 3538 1317 3602 volentes
1339 3541 1492 3622 prefatam
1510 3539 1612 3603 ecole-

309 3629 388 3690 siam
415 3629 505 3693 illum
535 3629 637 3710 tytulo
664 3626 865 3712 proprietatis
894 3647 966 3690 cum
989 3628 1076 3689 omni
1096 3627 1166 3690 iure
1187 3631 1340 3710 perpetuo
1362 3629 1534 3711 possidere.
1577 3627 1612 3690 ln

310 3717 403 3781 ouius
429 3720 474 3782 rei
504 3719 630 3802 signnm
652 3722 831 3801 presentem
853 3716 990 3780 litteram
1013 3715 1188 3798 sigillorum
1211 3723 1391 3780 nostrorum
1414 3716 1614 3802 appensioni-

310 3806 370 3870 bus
407 3808 542 3871 leeimas
578 3807 777 3870 communiri.
828 3805 947 3870 Datum
984 3825 1066 3868 anno
1099 3805 1219 3868 domiui
1250 3807 1367 3869 ΜΨ
1398 3806 1615 3887 nonogesimo.

310 3896 416 3960 Huius
437 3897 482 3960 rei
505 3902 601 3959 testes
625 3903 700 3959 sunt
722 3895 794 3958 Otto
817 3896 994 3970 Bouenbiz,
1023 3895 1188 3958 Conradus
1210 3897 1249 3958 de
1272 3895 1487 3974 Stolacnhain,
1519 3895 1616 3958 Reiu-

311 3986 384 4049 boto
408 3986 446 4050 de
469 3986 601 4049 Liazene
622 3987 754 4060 milites,
780 3986 878 4048 irater
900 3985 1083 4048 (lantherus
1110 3985 1260 4066 magister
1281 3984 1441 4067 hospitum
1462 3985 1494 4046 in
1520 3985 1617 4048 Porta

310 4083 342 4139 et
364 4076 417 4138 alii
438 4076 546 4160 plures
567 4077 632 4139 lide
656 4076 751 4157 digni.

379 4213 390 4240 ²
409 4211 581 4270 Obermeller
598 4213 629 4266 in
648 4213 741 4268 Ram
