3390 5148
569 366 619 422 Νι.
631 365 778 422 elo-211.
800 365 875 422 1268.
1319 358 1369 415 221

95 518 182 601 1268.
210 517 461 619 September
488 519 528 602 8.
555 517 717 600 Plorte.
1280 515 1371 598 2111.

154 654 312 718 hliedrich
334 653 471 734 Bischcs
486 673 544 716 voh
562 651 714 716 Koreiieri
735 653 804 714 und
818 649 1014 732 postuliedcr
1028 650 1164 722 Bischoi
1179 672 1238 715 con
1251 649 1374 732 Dorpat

122 744 271 820 honde,
298 743 372 806 dass
397 764 431 805 cr
458 740 742 823 gemeinschaftlidi
769 741 826 803 mil
851 741 910 804 den
938 739 1106 822 Bischb'fen
1128 741 1293 805 Friedrich
1314 761 1373 804 oon

122 833 293 912 Mersehurp
312 833 382 894 und
406 831 567 897 Christian
588 851 646 894 eon
660 831 830 894 Litlhauen
852 832 902 892 dic
923 829 1041 893 Kirche
1060 851 1100 894 rii
1123 833 1228 913 Pfcide
1248 833 1374 912 peiocihl

121 923 192 1000 habe,
214 923 283 985 und
304 921 424 985 erthcih
444 921 536 996 allen,
558 920 667 984 welhe
686 919 814 984 dicselhe
833 920 1082 1000 oniJohrcstapc
1100 921 1155 984 der
1164 921 1374 1002 Ie'iriwcihunp

121 1013 265 1090 leodien,
291 1012 413 1076 Ablcss.

219 1145 354 1202 Hdechrc
372 1145 403 1200 D
421 1136 772 1216 zecl(rtr.1ndulgenoie).

219 1253 349 1306 Drache:
371 1252 486 1306 Patuch
504 1251 529 1318 I,
548 1255 609 1307 269.
628 1250 884 1304 Bonan-achabet
901 1250 926 1316 I,
948 1255 1006 1305 167.
1033 1251 1142 1306 wesen
1158 1255 1219 1307 292.
1243 1252 1376 1308 Dacisch:

277 1333 361 1400 Wolff
374 1331 422 1398 Η,
445 1335 501 1389 152.
528 1330 583 1400 Vul-
603 1331 819 1400 8111911111.
850 1331 977 1398 stheus,
997 1331 1045 1386 Kt.
1057 1331 1132 1386 arur.
1151 1331 1180 1396 1,
1199 1337 1242 1391 35,
1270 1333 1375 1402 Recipe,

272 1410 398 1466 Iieldnd.
417 1411 474 1466 ΗΒ.
492 1411 553 1478 III,
572 1415 648 1468 465⁸.

157 1536 319 1600 Universis
340 1534 455 1599 Christi
477 1535 637 1616 fidelibus,
658 1537 698 1598 ad
720 1555 799 1617 quos
821 1536 880 1598 hec
901 1536 1005 1598 littera
1026 1536 1219 1617 pervenerit,
1241 1535 1377 1600 frideri-

90 1645 137 1688 cus
156 1627 200 1690 dei
223 1627 329 1708 gracia
351 1625 547 1689 Kereliensis
569 1627 736 1708 episcopus
759 1633 790 1688 et
811 1624 1023 1688 Darbocensis
1045 1625 1178 1688 ecclesie
1199 1627 1378 1708 postulatus

90 1717 207 1780 salutem
236 1717 269 1778 in
297 1734 349 1794 eo,
378 1715 433 1796 qui
461 1715 607 1778 homiues
632 1716 703 1778 vult
730 1715 860 1778 salvare.
908 1715 1095 1778 Sanctorum
1126 1716 1304 1778 mercium·
1326 1719 1376 1778 cto.

91 1805 306 1888 amplexantes,
344 1805 445 1886 rogati
480 1805 519 1866 ab
551 1805 627 1887 ipsis
659 1805 832 1868 oratorium
863 1805 1004 1886 ipsorum
1036 1823 1110 1866 oum
1143 1805 1379 1868 venerabilibus

90 1895 224 1958 trabibus
244 1897 370 1973 nostris,
392 1895 520 1956 domino
542 1894 704 1958 friderico
724 1894 763 1956 de
785 1893 970 1975 llerseborg
992 1900 1024 1956 et
1049 1893 1178 1956 domino
1200 1893 1378 1958 Christiano

90 1981 272 2048 Lithouieusi
302 1984 470 2068 episcopio,
501 1984 540 2046 ad
572 1985 725 2046 honorem
758 1982 808 2045 dei
841 1989 872 2045 et
903 1987 1011 2046 saneta
1039 1985 1149 2046 matris
1175 1985 1258 2061 eius,
1288 1985 1379 2048 beate

93 2072 189 2150 llario,
219 2082 251 2137 et
281 2074 366 2137 beati
396 2073 547 2136 Iohannis
574 2073 714 2156 Baptiste
741 2091 825 2134 anno
855 2073 976 2135 domiui
1001 2081 1201 2146 llttCLXVlss,
1234 2076 1378 2157 proxima

91 2163 221 2243 sequenti
248 2163 408 2226 dominica
433 2171 503 2244 post
531 2161 666 2245 Egidii‚1
693 2167 788 2245 prout
815 2161 913 2224 officii
935 2163 1034 2224 nostri
1057 2162 1199 2226 debitum
1224 2164 1380 2245 exigebat,

90 2252 294 2316 dedicavimus
320 2261 510 2336 cooperante
538 2253 645 2334 gracia
673 2251 857 2334 septiformi.
902 2250 1008 2332 thue
1040 2251 1134 2314 huius
1166 2251 1380 2314 dedicaoionis

91 2343 228 2406 irremoria
257 2341 412 2405 habeatur
436 2349 469 2405 et
492 2333 566 2404 cum
589 2341 763 2403 devocione
790 2359 827 2403 eo
849 2341 1035 2404 reverencia
1055 2359 1072 2402 a
1094 2339 1211 2404 Christi
1231 2342 1382 2405 fidelibus

90 2431 234 2495 celebrius
252 2432 483 2512 frequentetur,
505 2431 693 2494 auctoritate
714 2428 806 2492 nobis
828 2449 846 2492 a
868 2429 927 2493 deo
948 2447 1114 2508 concessa,
1138 2432 1382 2514 cooperantibus

89 2522 254 2584 infimitati
275 2527 383 2584 nostre
405 2527 588 2584 sauctorum
608 2519 737 2596 meritis,
761 2518 918 2596 omuibus,
937 2519 992 2599 qui
1013 2519 1045 2580 in
1061 2519 1278 2583 anniversario
1294 2521 1383 2584 dedi-

90 2611 216 2674 cuciouis
244 2611 452 2688 conveniunt,
477 2629 597 2672 annum
623 2619 636 2672 Ι
663 2616 695 2672 ct
720 2609 872 2671 harenam
894 2609 932 2670 de
956 2609 1099 2670 iniuncta
1121 2609 1181 2672 sibi
1203 2612 1384 2692 penitencia

89 2700 258 2763 relaxamus
290 2719 401 2763 eorum
427 2700 647 2784 peccaminum
673 2697 807 2778 singulis
829 2698 934 2771 aunis,
961 2698 1000 2760 de
1023 2699 1139 2778 quibus
1161 2719 1235 2762 vere
1257 2701 1384 2762 contriti

89 2789 197 2852 lueunt
216 2796 248 2852 et
268 2789 415 2852 confessi.
456 2788 574 2852 Datum
596 2791 629 2849 in
650 2787 747 2850 Porta
768 2805 850 2848 anuo
872 2787 993 2849 domiui
1013 2795 1209 2865 Μ11111Ι111Ἰ11,
1231 2787 1282 2852 die
1304 2791 1384 2852 uati·

90 2879 185 2940 vitatis
207 2878 297 2942 beate
319 2877 428 2958 Marte,
448 2877 653 2962 pontificatus
675 2877 775 2938 nostri
796 2895 880 2938 anno
906 2910 912 2922 ·
937 2878 1064 2955 (nescio)

151 3011 162 3038 ²
179 3011 237 3065 Der
257 3011 393 3065 Schreiher
410 3011 496 3066 bricht
513 3011 571 3064 hier
586 3011 620 3064 ab
638 3010 696 3063 ond
716 3009 832 3064 aerwcial
849 3009 899 3063 mit
917 3017 949 3062 ut
967 3025 1052 3079 supra
1070 3010 1127 3077 auf
1139 3007 1182 3062 dic
1199 3009 1328 3064 Urhtmde
1339 3009 1384 3064 des

88 3087 206 3160 Biachosa
221 3109 272 3146 eon
291 3091 444 3161 Meraeburp
462 3107 511 3144 uon
532 3090 602 3162 Sept.
614 3094 654 3144 10.

152 3195 218 3254 ¹1).
230 3199 247 3252 i.
260 3197 442 3266 sceneca
471 3195 552 3252 Nach
570 3195 617 3250 der
640 3193 769 3250 oramate
786 3193 832 3250 dcc
852 3194 977 3260 Baccheis
998 3193 1114 3248 Thomas
1130 3211 1181 3248 ron
1200 3195 1317 3250 Brcslau
1336 3213 1387 3250 uon

89 3271 144 3328 Mai
162 3280 197 3330 12
213 3293 270 3330 war
288 3275 480 3346 arajrrhiplich
500 3275 617 3345 Epidires
634 3275 660 3330 d.
671 3275 689 3333 i.
699 3274 798 3342 Sept!
816 3275 848 3328 ih
866 3275 995 3330 Amneni
1010 3291 1172 3342 penmanent

67 3527 197 3635 'taes
225 3554 477 3657 September
502 3554 567 3635 111.
593 3551 756 3637 Prorte.
1304 3555 1388 3638 211.

164 3689 329 3754 Friedrich
351 3689 488 3772 Bischof
503 3710 561 3754 oon
572 3689 756 3771 Merschury
776 3689 936 3768 hchnndeh
958 3691 1032 3754 dress
1053 3711 1086 3754 cr
1107 3691 1389 3773 gemeinschaftlich

124 3779 179 3841 mit
210 3781 269 3843 den
297 3779 468 3861 Bisdiiifcn
486 3779 652 3843 hhicdrich
685 3799 744 3843 von
766 3780 920 3844 Kerelien
949 3784 1018 3844 und
1051 3781 1213 3846 Christian
1238 3799 1297 3844 oon
1323 3782 1390 3845 Le

123 3867 240 3932 honen
264 3869 316 3933 dic
337 3869 458 3932 Kirchc
483 3889 523 3932 ru
555 3867 661 3950 Pforle
684 3871 811 3950 peweiht
836 3872 927 3949 hehe,
950 3871 1069 3935 crlhcih
1088 3869 1185 3947 allen,
1211 3871 1320 3934 welche
1339 3872 1390 3934 die

124 3957 240 4022 Kirchc
265 3979 318 4022 am
345 3957 529 4040 retrectare
559 3959 644 4023 ihrer
668 3960 877 4042 Ehrwcihcnp
906 3963 997 4026 sowic
1026 3981 1070 4024 uri
1101 3963 1162 4024 deii
1193 3961 1306 4024 Feslen
1336 3963 1391 4025 der

122 4045 292 4128 Janpfroii
318 4047 433 4112 Maria
461 4048 714 4113 andromache
748 4051 802 4112 des
833 4049 968 4133 Tdafers
991 4051 1154 4125 hamdene,
1182 4051 1298 4115 Anares
1321 4051 1392 4117 aad

124 4135 267 4218 hestiitipt
285 4137 337 4200 die
357 4137 569 4221 Ablasshriefe
588 4139 723 4203 crederer
742 4139 891 4222 Bischb'fc
908 4141 977 4204 ared
1000 4139 1159 4205 Prdloten.

237 4253 367 4309 Herem:
388 4253 418 4308 D
438 4247 506 4309 135b
524 4257 575 4323 (lit.
586 4255 785 4327 Indulgencie).

238 4359 364 4414 oructa-
384 4361 500 4414 Pertach
519 4359 542 4424 I,
560 4365 619 4416 272,
643 4361 895 4417 Bertuch-Schamel
913 4361 937 4429 1,
958 4365 1016 4420 170.
1043 4363 1153 4416 (hirenen
1169 4365 1230 4416 293.
1255 4363 1392 4417 Dcittsch:

291 4439 377 4508 Wolff
391 4439 433 4506 II,
454 4443 510 4494 151.
537 4439 591 4512 Vp.
612 4441 752 4512 Schdlipcn
769 4445 825 4496 116.
863 4441 986 4510 leprico,
1006 4441 1055 4500 Kl.
1071 4442 1145 4496 Schr.
1167 4441 1191 4508 I,
1210 4445 1252 4496 36.

167 4541 349 4610 Fridericus
369 4545 421 4610 dei
442 4547 550 4630 gracia
566 4545 841 4632 Merseburgeusis
862 4549 1030 4634 episcopus
1052 4547 1186 4611 salutem
1208 4549 1242 4610 in
1261 4568 1312 4630 eo,
1339 4549 1394 4632 qui
