3392 5150
611 407 660 467 Νι,
674 410 734 465 3⁸35.
754 409 830 465 1298.
873 409 875 414 ’
1320 411 1369 466 321

80 559 243 622 Corradus·
258 567 290 624 et
318 559 540 624 Elrlrenbertus
567 559 795 638 (Erkenbertus
820 558 856 638 T)
882 561 997 625 stanes
1017 561 1057 625 de
1076 561 1307 626 Thannenrode
1336 564 1368 624 in

79 651 157 712 feodo
181 656 356 714 tenuerunt
383 670 401 712 a
427 651 520 714 nobis
546 658 578 714 et
604 651 638 713 in
666 651 783 732 quibus
812 670 869 734 per
897 669 1097 732 consequens
1124 651 1283 716 Iohannes
1307 653 1371 715 iam

79 740 209 820 prelatus
230 739 412 802 infeodatus
434 747 482 803 est
503 740 542 802 ab
564 740 693 804 eisdem.
724 739 803 818 Hec,
824 741 965 822 inquam,
986 740 1069 804 bona
1090 742 1197 803 omnia
1218 742 1371 806 tamBer-

79 829 143 891 toldi
167 849 263 910 quum
286 830 437 892 Iohannis
456 831 747 914 compertinentiis
773 849 869 912 supra
889 829 1005 892 notatis
1026 830 1194 893 donatione
1216 831 1371 913 legittima

78 938 138 981 cunr
170 921 257 982 omni
289 921 358 982 iure
390 925 498 982 nostro
531 919 784 984 transfundimus
813 921 847 982 in
877 917 1065 982 Portensem
1099 919 1265 982 ecclesiam
1296 939 1370 1003 sepe

78 1009 199 1088 dictam,
229 1009 325 1072 nichil
357 1010 435 1073 iuris
460 1008 553 1073 nobis
579 1011 645 1074 sive
674 1008 913 1072 successoribus
938 1009 1055 1071 nostris
1080 1009 1113 1070 in
1139 1009 1201 1072 hiis
1223 1004 1371 1072 omnibus

78 1104 275 1162 reservantes.
317 1098 402 1162 Huic
423 1099 521 1181 igitur
540 1105 648 1162 nostre
669 1099 830 1162 collationi
851 1097 975 1161 nobiles
996 1104 1028 1160 et
1047 1098 1190 1162 strennui
1213 1099 1273 1162 viri
1294 1102 1346 1162 eu.

143 1211 269 1292 haym
299 1213 367 1275 and
389 1209 510 1275 Datum
538 1213 679 1276 summan
704 1215 762 1276 mit
789 1213 858 1276 dem
879 1211 1039 1276 Dreadaer
1064 1209 1208 1293 Oripiaal
1234 1213 1369 1290 bbercia,

107 1321 175 1366 rum
197 1301 324 1366 saeuas
342 1301 416 1366 uber
433 1303 533 1384 slipen
553 1299 588 1366 D
607 1303 676 1366 aad
701 1301 863 1368 Tbiaau:

78 1417 132 1482 Nos
152 1439 239 1496 vero,
263 1437 336 1482 cum
359 1419 443 1481 bona
464 1419 522 1482 hee
545 1439 640 1502 supra
662 1421 778 1503 scripta
799 1419 1096 1502 deNuenburgensi
1112 1421 1248 1486 ecclesia
1262 1421 1371 1485 kathe-

77 1508 145 1572 drali
167 1511 200 1572 in
222 1509 315 1573 feodo
337 1514 528 1590 teneremus
549 1511 588 1573 ad
610 1531 724 1573 manus
746 1511 1049 1588 ‹lominiBrunonis
1071 1511 1215 1574 eiusdem
1237 1511 1370 1575 ecclesie

77 1597 330 1680 l'uenburgensis
349 1599 497 1682 episcopi,
518 1599 550 1660 in
574 1598 657 1680 Gyae
679 1601 920 1682 resignavimus.
950 1599 1036 1664 Huic
1054 1601 1260 1682 resignationi
1271 1601 1370 1663 Theo-

77 1686 192 1750 clericus
213 1689 300 1751 filius
321 1695 438 1764 noster,
459 1689 599 1752 marchio
621 1688 759 1759 Lutatio.
779 1689 925 1753 interfuit
945 1695 977 1752 et
999 1692 1141 1754 assensit.

185 1819 281 1884 Aam.
323 1818 390 1884 Der
427 1819 626 1886 Ualarscbied
661 1820 812 1884 zwisalten
841 1821 901 1884 dea
930 1821 1038 1884 beiden
1069 1819 1283 1884 Redulctioacn
1314 1821 1370 1884 der

174 1907 323 1972 Urlcaadc
350 1909 421 1990 lieyt
445 1909 512 1991 aas
531 1909 587 1972 der
608 1907 726 1972 Hand:
757 1909 837 1972 aacb
864 1911 932 1974 dem
953 1907 1114 1974 Dresdaer
1141 1909 1285 1992 Oripinal
1305 1915 1370 1974 cal-

165 1999 232 2064 aab
252 2000 296 2062 sic
317 1999 385 2062 aaa
404 1999 629 2080 uprpropriatio,
649 1999 730 2066 aacb
752 1995 785 2062 D
806 1999 874 2062 aad
899 1997 1012 2062 Teiac
1032 1999 1160 2064 cubatio.
1192 2001 1238 2064 Iis
1253 1999 1370 2064 sobeiat

166 2089 232 2152 also
252 2087 441 2171 aweifelbost
463 2109 598 2168 pcwcsea
626 2109 668 2154 aa
697 2089 780 2166 sna,
807 2089 843 2153 ob
870 2089 922 2152 dic
941 2089 1153 2170 Besitaanpen
1180 2091 1234 2154 des
1261 2089 1370 2152 Lond-

164 2181 280 2261 9rafen
299 2179 336 2242 ia
356 2177 560 2242 nunonem
580 2177 676 2242 Allod
696 2179 770 2242 oder
787 2179 938 2259 stilliscbe
955 2179 1060 2242 Lebcn
1081 2199 1198 2242 waren.

76 2439 181 2524 1298.
208 2441 304 2523 dull
331 2443 395 2524 26.
1278 2439 1369 2524 335.

148 2577 304 2658 Beriapcr
323 2599 381 2642 voa
404 2577 586 2659 Melliapcm
608 2579 673 2641 seta
696 2577 779 2643 Solia
799 2577 929 2642 Bertold
949 2577 1019 2640 aad
1039 2576 1177 2640 Koarad
1197 2597 1255 2640 voa
1272 2576 1370 2640 isaer-

109 2667 184 2730 stadt
208 2667 382 2741 balearica,
410 2668 484 2731 dass
513 2669 562 2731 ibr
589 2667 790 2730 Verwandtcr
811 2667 941 2732 Bertold
961 2687 1019 2730 oon
1041 2665 1244 2730 Rebebaasea
1264 2667 1370 2729 selaeu

111 2755 179 2839 llof
203 2755 406 2820 Rebcbaasca
441 2759 510 2820 aad
550 2757 634 2820 scine
666 2751 802 2838 tibripea'
825 2758 964 2838 dortipca
994 2755 1208 2836 Besitatmyen
1236 2775 1280 2818 aa
1310 2757 1371 2818 das

111 2845 228 2910 Kloster
259 2848 364 2926 Pforte
398 2846 544 2928 vakauft
581 2847 673 2924 boba,
714 2847 783 2910 aad
819 2847 926 2910 belsica
963 2846 1064 2928 dsibr
1099 2847 1263 2911 Gerontia.
1306 2843 1369 2926 Vyl.

112 2933 167 2999 Nr.
191 2939 266 2998 333.
290 2939 363 2998 334.

215 3069 347 3126 Harum
364 3070 394 3123 1)
412 3061 465 3126 aab
482 3071 534 3138 (tu.
545 3069 731 3141 Rogehuaen).
761 3061 878 3125 ruer.

212 3175 324 3230 nawa·
342 3176 475 3231 nauca:
500 3175 584 3244 Wolff
599 3176 642 3240 n,
659 3181 720 3230 aas.

148 3303 214 3386 Ego
236 3305 430 3388 Beringerus
453 3305 492 3368 de
513 3304 711 3386 Meldingen,
737 3304 908 3368 Bertoldus
928 3303 1016 3366 tilius
1039 3323 1131 3368 meus
1151 3312 1183 3368 et
1204 3303 1370 3367 Conradus

76 3391 111 3454 de
130 3393 309 3457 Ischirstete
337 3396 594 3477 recognoscimus
622 3402 654 3456 et
674 3393 873 3476 presentibus
894 3399 1119 3476 protestamur,
1141 3394 1226 3474 quod
1247 3393 1371 3457 Bertol-

76 3479 130 3542 dus
161 3483 199 3547 de
232 3483 422 3565 Rogehusen
454 3485 654 3567 propinquus
685 3491 793 3546 noster
819 3483 854 3544 in
886 3488 954 3545 arto
985 3483 1106 3566 positus
1141 3483 1179 3545 de
1212 3501 1370 3545 consensu

77 3573 212 3656 colungis
245 3593 302 3637 sue
334 3581 442 3637 nostro
476 3572 608 3636 consilio
639 3573 799 3635 mediante
836 3573 957 3634 curiam
991 3593 1082 3635 suam
1114 3571 1307 3654 Rugelrusen
1339 3578 1371 3634 et

75 3667 188 3726 ceteras
208 3683 283 3726 suas
305 3663 422 3726 ibidem
444 3664 660 3747 possessiones
681 3662 809 3725 domino
832 3662 937 3724 abbati
965 3662 1003 3724 de
1026 3662 1121 3725 Porta
1141 3663 1201 3725 rite
1223 3667 1256 3723 et
1277 3661 1370 3724 ratio-

76 3749 215 3815 nabiliter
243 3753 387 3818 vendidit
410 3772 467 3837 pro
494 3759 580 3816 certa
607 3753 760 3838 pecunie·
787 3755 962 3834 quantitate
993 3751 1054 3814 sibi
1082 3750 1279 3832 integraliter
1299 3769 1370 3832 per-

76 3838 178 3902 soluta.
228 3841 277 3906 Ne
309 3849 416 3906 autem
447 3863 504 3926 per
536 3839 670 3906 uxorem
701 3842 844 3906 Bertoldi
877 3842 915 3904 de
946 3841 1137 3924 Rogehuseu
1172 3840 1305 3924 predicti
1337 3841 1370 3901 in

77 3930 320 4006 possessionibus
340 3930 517 4014 prelibatis,
548 3951 626 4014 quas
653 3931 723 3994 iure
753 3931 892 3994 dotalicii
915 3930 976 3993 sibi
1003 3930 1171 3992 adomino
1193 3929 1370 4010 lantgravio

76 4016 196 4082 collatas
224 4021 378 4103 suscepit,
414 4021 464 4084 vel
493 4039 550 4104 per
582 4022 712 4084 alterius
739 4022 931 4102 cuiusquam
961 4021 1191 4103 impetitionem
1223 4019 1371 4083 dominus

76 4103 165 4172 abbas
192 4118 223 4173 et
248 4111 385 4174 ecclesia
410 4112 572 4175 Portensis
605 4111 845 4194 quomodolibet
874 4111 1075 4188 molestetur,
1106 4128 1165 4173 uos
1199 4129 1264 4171 una
1297 4129 1370 4171 cunr

77 4213 142 4278 sepe
164 4200 246 4263 dicto
259 4201 410 4265 Bertoldo
432 4208 464 4266 et
483 4222 540 4285 pro
562 4203 630 4284 ipso
652 4201 690 4264 ad
713 4202 958 4284 prescriptorum
980 4201 1216 4282 possessionum
1232 4198 1371 4261 debitam

78 4289 259 4354 vorandium
289 4292 465 4354 secundum
492 4291 655 4375 probatam
678 4297 760 4354 terre
782 4289 1045 4352 consuetudinem
1068 4287 1269 4373 presentibus
1290 4287 1369 4349 obli·

78 4393 186 4454 gamus.
227 4380 345 4444 Datum
368 4401 451 4444 anno
473 4381 594 4444 domini
615 4389 812 4444 M⁰OC⁰XO⁰
825 4389 888 4444 Vlss
896 4392 916 4458 ⁰,
937 4389 1009 4443 Vll⁰
1030 4378 1182 4442 kalendas
1201 4378 1349 4459 Augusti.

137 4495 282 4566 'pecunia
300 4495 330 4550 D
668 4485 669 4488 ’

121 4697 374 4756 annumeras.
391 4703 537 4744 aauxnr.
1169 4671 1201 4727 21
