3402 5152
593 414 643 468 Nr.
654 417 802 472 374-376.
823 417 898 472 1303.
1347 417 1399 474 863

102 565 179 628 Hinc
210 570 273 646 est,
302 567 387 650 quod
421 587 479 630 nos
507 565 711 649 Engilbertus
742 569 932 648 prepositus,
963 567 1200 651 Ermengardys
1232 567 1401 648 abbatissa,

102 657 235 721 Elisabet
266 659 416 741 priorissa
448 664 598 741 totusque
630 659 807 720 conventus
838 659 1127 722 sanctimonialium
1155 659 1256 722 Vallis
1293 665 1400 722 sancte

101 747 192 812 llario
220 749 477 832 recognoscimus
505 755 536 814 et
563 748 601 811 ad
621 747 801 830 generalem
823 748 972 810 noticiam
993 754 1057 811 tam
1080 748 1279 831 presencium
1304 769 1399 832 quam

101 839 277 900 futurorum
300 837 449 902 volumus
468 839 641 921 pervenire,
663 837 748 919 quod
768 836 807 901 de
828 838 975 900 unanimi
993 839 1137 902 omnium
1161 845 1305 903 nostrum
1326 861 1401 903 con-

100 948 190 992 sensu
220 934 251 992 et
276 947 425 1011 expressa
457 929 619 993 voluntate
648 927 820 992 venerabili
852 927 981 992 domino
1010 927 1201 992 Theoderico
1233 930 1339 994 abbati
1370 938 1402 995 et

100 1017 441 1083 conventuiPortensis
461 1020 646 1082 monasterii
667 1037 815 1082 mansum
839 1037 941 1082 tinum
963 1026 1071 1082 nostre
1087 1021 1286 1102 proprietatis
1303 1023 1400 1085 situm

99 1111 126 1171 in
147 1129 229 1192 pago
251 1109 324 1172 ville
341 1107 451 1172 Melior
471 1109 638 1188 inferioris,
659 1109 832 1174 solventem
855 1109 949 1175 annis
970 1109 1105 1192 singulis
1125 1110 1280 1176 talentum
1292 1111 1399 1176 Nuen·

99 1199 302 1283 burgensium
329 1200 530 1264 denariorum
552 1207 583 1264 et
610 1219 723 1263 novem
751 1199 856 1282 pullos
883 1219 956 1262 cum
982 1205 1092 1263 ventre
1120 1200 1250 1282 agnelli,
1282 1203 1341 1264 rite
1371 1207 1402 1264 et

98 1290 326 1354 racionabiliter
352 1291 554 1354 vendidimus
580 1311 654 1355 cum
681 1292 762 1354 areis
789 1310 826 1354 ac
853 1290 1002 1353 omnibus
1030 1289 1156 1353 iuribus
1182 1290 1243 1354 sibi
1265 1293 1402 1356 annexis

100 1401 149 1462 pro
172 1401 230 1446 sex
253 1383 367 1444 marcis
385 1380 602 1463 Fribergensis
622 1383 758 1466 argenti,
787 1373 884 1462 quam
912 1400 1072 1444 summam
1100 1379 1139 1444 ab
1168 1380 1286 1446 eisdem
1308 1381 1401 1446 nobis

98 1473 289 1554 integraliter
309 1472 502 1554 persolutam
524 1471 650 1556 publice
670 1471 862 1555 profitemur.
905 1470 1082 1535 Senecam
1106 1472 1244 1555 predicta
1267 1475 1401 1556 pecunia

98 1565 205 1627 utilius
233 1582 322 1626 versa
351 1564 391 1626 sit
419 1565 452 1625 in
481 1582 548 1626 rem
576 1569 731 1643 nostram,
756 1562 932 1646 predictum
960 1582 1109 1626 mansum
1129 1581 1203 1626 oum
1224 1565 1310 1626 omni
1332 1563 1402 1626 iure

98 1653 307 1736 omnibusque
329 1655 397 1718 suis
417 1654 630 1737 pertinenciis,
648 1652 847 1730 utilitatibus,
868 1652 1076 1736 proventibus
1097 1651 1136 1716 ab
1158 1653 1266 1717 eodem
1289 1675 1401 1718 manso

98 1742 332 1827 quomodolibet
361 1745 395 1806 in
425 1744 533 1808 tuturo
563 1745 735 1807 emerseris
765 1745 799 1806 in
826 1743 998 1826 predictam
1025 1741 1210 1807 Portensem
1235 1743 1399 1808 ecclesiam

96 1835 313 1898 transferimus
344 1835 423 1897 nihil
456 1833 548 1897 nobis
585 1835 665 1898 iuris
700 1841 907 1898 reservantes.
961 1832 1022 1896 Sed
1058 1853 1154 1916 quem
1193 1833 1232 1896 ad
1268 1835 1399 1897 modum

96 1927 248 1990 hactenus
269 1925 476 2008 possedimus,
498 1943 570 2006 sepe
592 1925 666 1987 dicti
686 1923 806 1986 domini
829 1923 868 1986 de
881 1923 977 1986 Porta
998 1923 1144 1988 ammodo
1166 1924 1400 2007 imperpetuum

95 2016 222 2098 pacifice
250 2015 431 2099 possideant
457 2023 488 2078 et
514 2019 627 2096 quiete.
669 2014 720 2076 Ad
749 2013 942 2078 marandiam
972 2013 1071 2077 nihilo
1094 2015 1202 2078 minus
1224 2013 1400 2078 secundum

93 2112 210 2170 statum
238 2110 320 2169 terre
349 2107 527 2189 antiquitus
555 2105 757 2168 observatum
785 2123 844 2168 nos
869 2110 900 2168 et
921 2111 1061 2170 nostram
1083 2105 1248 2168 ecclesiam
1269 2103 1402 2169 fideliter

94 2195 281 2280 obligamus.
322 2194 363 2257 Et
384 2215 424 2258 ne
445 2195 540 2259 alicui
561 2197 593 2258 in
615 2201 775 2278 posterum
798 2215 893 2278 super
913 2195 975 2257 biis
993 2195 1101 2278 aliqua
1112 2194 1257 2260 dubietas
1273 2197 1401 2272 oriatur,

92 2287 128 2348 ad
160 2285 286 2349 firmam
313 2291 344 2349 et
368 2289 551 2368 perpetuam
580 2287 764 2350 concionem
793 2290 970 2368 presentem
998 2285 1134 2349 litteram
1166 2285 1301 2370 desuper
1326 2307 1400 2350 con-

91 2379 240 2460 scriptam
268 2375 364 2459 sigilli
389 2376 488 2439 nostri
513 2375 625 2439 robore
650 2376 849 2440 decrevimus
877 2377 1078 2440 communiri.
1126 2377 1208 2440 Acta
1239 2384 1316 2441 sunt
1342 2377 1400 2440 hec

89 2487 174 2530 anno
201 2466 321 2528 domini
349 2475 553 2546 M00000ffl,
585 2477 643 2530 ΙΠΙ
669 2465 821 2530 kalendas
847 2465 935 2546 Maii,
963 2467 997 2528 in
1027 2466 1077 2530 die
1103 2467 1220 2530 Vitatis
1251 2469 1399 2532 martiris.

89 2557 198 2621 Testes
219 2556 316 2620 huius
338 2563 414 2620 sunt
435 2556 507 2620 Otto
527 2557 619 2621 miles
641 2557 745 2621 dictus
766 2556 804 2620 de
826 2555 1005 2636 Gostenitz,
1033 2555 1202 2622 Geltradus
1228 2558 1400 2621 advocatus

88 2650 122 2710 in
160 2647 456 2730 Ectbardesborg⁸,
495 2646 667 2712 Heinrions
699 2647 914 2712 marschalcns
946 2646 984 2710 de
1010 2645 1208 2712 Holtzbusen
1244 2654 1275 2710 et
1303 2667 1398 2732 quam

88 2739 198 2819 plures
219 2736 274 2800 alii
293 2735 355 2802 fide
376 2739 473 2822 digni.
670 2737 673 2745 ’

159 2854 172 2883 ²
189 2855 361 2928 arrassrge
378 2855 408 2910 o

627 2929 878 2938 -.--·-·-——-—

88 3049 212 3132 1303.
240 3049 328 3152 Mat
343 3050 404 3133 13.
431 3049 630 3132 Metssen.
1308 3049 1398 3132 376.

172 3183 322 3250 Meinbcr
353 3185 529 3268 Bcrpprcf
554 3205 613 3250 ooo
642 3185 783 3250 Meisscn
812 3185 889 3250 usar
925 3187 1140 3268 rsccttrdplc'cb
1169 3187 1238 3250 darn
1267 3185 1406 3268 Biscbof

127 3275 249 3341 Brnno
268 3297 328 3342 con
348 3275 538 3357 Ncnmburp
566 3281 586 3340 4
608 3277 721 3358 anen
749 3277 783 3340 in
805 3275 962 3340 Rossbach
988 3277 1058 3340 ond
1079 3278 1181 3358 einipe
1200 3277 1317 3340 eadee
1338 3277 1400 3340 Ba-

123 3367 401 3536 pggnrffinfflopf,
444 3369 553 3432 welche
589 3367 691 3431 dieser
724 3370 793 3432 dem
823 3367 951 3432 Ktostm
983 3367 1091 3449 Pforte
1125 3369 1304 3450 succendet
1334 3368 1399 3432 bot.

241 3573 378 3632 nascar„-
396 3574 425 3628 D
436 3564 497 3632 61¹³.

241 3665 355 3722 Deuca·
372 3665 507 3722 Dentseb:
529 3669 614 3736 Wolff
629 3668 671 3735 ΙΙ,
689 3671 750 3723 294.

173 3781 359 3846 Reverendo
390 3784 518 3848 domino
546 3804 605 3848 suo
634 3784 803 3865 Btrunoni]
832 3785 860 3848 N
865 3785 1079 3866 neuburgensi
1110 3787 1256 3869 episcopo
1290 3785 1400 3867 Meyn-

81 3875 189 3936 herus
211 3875 260 3938 dei
279 3875 386 3957 gracia
407 3873 616 3957 burcgravius
627 3874 809 3956 Mysnensis
825 3894 883 3940 sue
898 3875 1061 3939 servitutis
1075 3875 1264 3959 obsequium
1277 3895 1401 3961 semper

81 3971 284 4046 promptum.
327 3963 407 4029 Cum
430 3965 469 4030 de
489 3965 590 4028 multa
611 3964 831 4030 benivolencia
851 3965 996 4029 Portensi
1018 3965 1167 4047 ecclesie,
1193 3973 1287 4050 prout
1308 3967 1400 4031 intel-

81 4055 234 4132 lexerim,
258 4053 344 4138 quod
364 4055 436 4136 (sic)
459 4063 596 4141 quatuor
616 4076 745 4121 mansos
767 4059 800 4121 in
823 4056 980 4135 Rozbaoh,
999 4057 1164 4138 navigium
1187 4062 1274 4122 trans
1295 4058 1401 4122 Salam

81 4147 185 4206 iuxta
209 4144 342 4208 eandem
371 4147 494 4227 villam,
519 4166 669 4210 mansum
698 4167 799 4210 unum
828 4150 862 4209 in
888 4146 1014 4227 Tesnin,
1042 4146 1122 4210 duas
1149 4167 1238 4212 areas
1258 4150 1291 4210 in
1313 4147 1401 4213 Rode

77 4233 184 4297 titulo
213 4237 412 4318 proprietatis
440 4237 637 4300 contuleritis
669 4237 873 4318 possidenda,
903 4257 975 4317 noa,
1008 4237 1084 4320 quia
1111 4237 1219 4301 eadem
1251 4237 1335 4302 bona
1361 4239 1401 4302 de

79 4343 191 4387 mann
213 4333 318 4389 vestra
339 4327 409 4390 inre
430 4329 594 4391 tenuimus
614 4325 737 4400 feodali,
758 4327 876 4410 quibus
898 4330 993 4392 eliam
1016 4325 1182 4391 Oristanus
1202 4328 1240 4391 de
1260 4328 1401 4393 Baebere

76 4417 173 4478 civis
193 4413 458 4500 Nnenbnrgensis
485 4437 559 4482 oum
584 4415 650 4480 filio
678 4423 708 4480 et
737 4418 886 4501 nepotulo
918 4418 1063 4482 similiter
1090 4437 1109 4480 a
1139 4418 1231 4483 nobis
1251 4419 1401 4483 infeodati

76 4505 232 4586 fuerant,
256 4505 347 4570 vobis
372 4509 441 4590 ipsa
469 4507 551 4572 bona
579 4527 652 4570 cum
680 4509 748 4571 suis
776 4507 967 4572 utilitatibus
1000 4511 1038 4570 ad
1066 4510 1250 4591 petitionem
1279 4507 1399 4572 domini

77 4595 217 4659 abbatis
241 4595 403 4662 Portensie
432 4599 599 4664 devotione
625 4605 656 4660 et
683 4597 901 4662 benivolencia
927 4618 992 4662 non
1022 4597 1169 4662 dissimili
1199 4599 1400 4681 presentibus
