3390 5148
560 423 608 478 Χῖ.
625 425 674 478 ree
687 426 771 482 1201.
792 425 867 481 1268.
1314 427 1367 484 213

142 573 298 638 lohannes
314 576 365 638 dci
380 577 486 657 gracia
498 575 668 660 Pragcnsis
679 577 847 660 episcopus
858 577 1017 640 universis
1028 575 1144 640 Christi
1154 577 1314 651 fidelibus,
1326 579 1365 643 ad

81 685 197 744 quorum
214 667 363 729 noticiam
381 668 562 749 pervenerit
578 686 707 748 presens
723 668 884 750 scriptum.
916 667 999 730 Loca
1011 673 1192 732 sanctorum
1206 671 1366 733 omnium⁸

79 755 119 834 pia
136 763 164 818 et
184 763 330 838 prompta
350 755 525 819 devocione
548 761 622 822 sunt
641 777 660 818 a
682 756 798 840 Christi
819 757 971 820 fidelibus
993 758 1188 830 veneranda,
1217 765 1265 830 ut,
1289 760 1365 824 dum

79 843 117 906 dei
148 845 339 908 honoramus
370 847 504 914 amicos,
536 846 596 928 ipsi
627 865 685 908 nos
711 845 893 909 amicabiles
920 845 979 909 dcc
1006 846 1156 925 reddant,
1183 855 1215 912 et
1238 848 1366 913 illorum

79 933 153 996 nobis
173 935 380 998 vendicantes
402 936 539 1016 quodam
561 935 655 998 modo
678 936 903 1017 patrocinium,
934 935 1019 1016 quod
1038 937 1151 999 merite
1172 943 1279 1000 nostra
1302 957 1365 1001 non

79 1022 218 1100 obtinent,
248 1043 359 1089 eorum
380 1026 543 1088 valeamus
568 1025 850 1094 intercessionibus
876 1024 1027 1088 obtinere.
1071 1025 1242 1110 Cupientes
1262 1027 1367 1108 igitur,

77 1124 105 1174 nt
122 1115 251 1178 ecclesia
273 1121 381 1178 sancte
401 1115 502 1178 Marie
524 1115 657 1197 virginis
678 1114 814 1196 glorioso
836 1116 1020 1178 monasterii
1040 1116 1079 1178 de
1101 1115 1197 1180 Porta
1218 1119 1368 1199 congruis

79 1202 235 1268 honoribus
255 1205 485 1286 frequentetur,
506 1205 654 1268 omnibus
676 1225 751 1268 vere
773 1203 989 1288 penitentibus
1011 1211 1041 1268 et
1062 1207 1226 1280 confessis,
1251 1209 1306 1288 qui
1327 1207 1367 1269 ad

76 1295 196 1358 candem
228 1295 395 1358 ecclesiam
427 1296 461 1358 in
491 1295 560 1363 dic.
590 1315 653 1376 quo
680 1294 892 1364 dedicabitur,
918 1301 950 1358 et
977 1295 1009 1357 in
1036 1295 1178 1376 quolibet
1206 1296 1257 1359 die
1278 1297 1369 1358 anni·

77 1385 201 1447 versario
232 1385 447 1448 dedicacionis
479 1385 579 1467 ipsius
608 1386 641 1446 in
674 1391 862 1467 perpetuum
898 1403 957 1448 nec
989 1403 1053 1448 non
1084 1385 1117 1447 in
1143 1385 1369 1450 festivitatibus

76 1474 202 1552 predicte
225 1475 357 1556 virginis
378 1475 523 1553 gloriose,
545 1475 827 1538 annuncciacionis
848 1474 1003 1550 videlicet
1025 1475 1264 1557 assumpcionis,
1291 1477 1370 1538 nati-

77 1563 169 1628 vitatis
190 1573 221 1626 ct
243 1564 490 1646 pruificacionis,
511 1583 608 1627 causa
630 1563 814 1628 devocionis
835 1565 1027 1626 accesserint
1048 1566 1226 1640 annuatim,
1248 1585 1368 1628 annum

76 1659 100 1714 et
118 1662 165 1718 XL
185 1653 254 1718 dies
274 1654 314 1718 de
336 1654 479 1716 iniuncta
500 1652 560 1716 sibi
587 1654 768 1736 penitencia
781 1653 1028 1718 misericorditer
1039 1655 1222 1718 relaxamus
1233 1655 1369 1739 proviso,

76 1743 150 1820 quod
173 1743 363 1808 venerabilis
385 1751 480 1825 pater.
502 1743 651 1806 (fonditus
679 1743 951 1826 Nuemborgonsis
976 1745 1152 1828 episcopus,
1179 1745 1239 1808 hoc
1264 1751 1366 1808 ratum

76 1829 178 1896 habere
206 1833 357 1912 dignetur
383 1841 414 1896 et
441 1835 594 1912 gratuml.
637 1831 754 1896 Datum
776 1833 877 1916 Prege
904 1853 987 1898 anno
1010 1833 1130 1898 domini
1151 1831 1370 1915 [utut‘irxvnl.

76 1930 119 1984 1111
140 1923 291 1986 kalendas
310 1924 404 1987 lunii.

135 2039 146 2066 ⁸
164 2039 221 2092 Der
240 2039 378 2092 Sobreflm
394 2039 479 2092 bachi
497 2039 555 2092 nne·
572 2040 606 2092 ab
624 2037 682 2091 und
700 2037 816 2092 vermem
833 2039 883 2091 mit
900 2043 934 2091 ut
952 2055 1036 2109 stupra
1054 2041 1111 2106 aiis
1122 2038 1165 2092 die
1180 2039 1308 2093 Urtunde
1325 2039 1370 2094 des

75 2114 217 2170 lfnrdtmts
237 2115 328 2171 Guido
346 2122 490 2174 von1267.
512 2118 571 2172 ott.
583 2122 608 2172 3.
680 2107 693 2144 l
711 2123 803 2170 ratum
822 2117 851 2170 D
887 2123 991 2171 rectum
1012 2117 1122 2172 Corsica

76 2390 181 2472 1268.
206 2391 312 2476 Junt
341 2391 377 2472 2.
407 2389 733 2486 Brundenburg.
1277 2391 1370 2474 201.

148 2526 300 2590 Heinrich
321 2525 458 2608 Btsclrof
473 2547 531 2593 con
553 2525 789 2606 Brundesium
808 2525 927 2590 estat
947 2525 1063 2590 Aius
1082 2525 1174 2602 alien,
1196 2527 1304 2592 welche
1321 2527 1372 2591 die

111 2616 226 2680 Kirctc
244 2636 286 2680 eu
308 2617 415 2697 Pera
436 2637 481 2680 an
501 2617 562 2680 dea
576 2615 815 2696 Morienfesten,
837 2637 889 2680 aaa
909 2614 991 2696 Tage
1010 2617 1077 2679 und
1097 2635 1142 2679 on
1162 2616 1231 2680 dem
1243 2616 1371 2682 Jolires·

108 2705 297 2876 meldim
330 2705 538 2786 Einweilvunp
575 2705 723 2768 besarion
755 2707 825 2770 und
858 2726 930 2771 eunt
962 2706 1040 2769 Bou
1075 2705 1230 2770 derselben
1262 2707 1372 2771 Gabai

217 2913 351 2968 Hasce„-
373 2915 417 2969 Or.
432 2915 506 2984 Perp.
535 2915 580 2984 Sp.
593 2915 748 2984 obpesullers
779 2913 899 2982 laeipeip,
923 2913 1083 2971 tinia-But.

218 3019 342 3074 Drtccke:
369 3020 479 3074 Marcie
499 3021 523 3087 Ι,
544 3025 602 3076 777.
630 3019 882 3074 Reduci-Schoenei
901 3019 926 3085 I,
947 3023 1005 3076 178.
1036 3019 1164 3084 Geretae,
1185 3017 1372 3086 bttftatistorie

264 3099 590 3170 mnBrundenbur9475.
613 3097 1004 3166 stantemstantem,
1021 3097 1171 3164 Vltima
1192 3097 1301 3152 wesen
1309 3102 1371 3154 288.

270 3179 406 3232 Dmtsch:
430 3180 516 3246 Wolff
524 3179 566 3242 ΙΙ,
585 3181 643 3233 154.
678 3179 732 3248 Vpl.
751 3179 890 3247 aucupen
909 3179 965 3232 116.

149 3283 320 3349 Heinricus
341 3285 391 3349 dei
413 3286 514 3368 gratia
533 3282 852 3368 Brandleburgensis]
874 3283 1007 3348 ecclesie
1030 3284 1197 3366 episcopus
1215 3283 1372 3346 universis

74 3371 184 3436 Christi
213 3373 365 3437 fidelibus
395 3395 525 3457 presens
552 3375 704 3458 scriptum
736 3376 852 3438 visuris
877 3375 910 3436 in
937 3373 1048 3436 salutis
1073 3379 1201 3436 auctore
1228 3373 1372 3438 salutem.

74 3461 151 3524 Cum
178 3483 257 3546 opus
283 3463 408 3546 pietatis
437 3465 520 3528 valet
547 3465 587 3526 ad
614 3465 733 3542 omnia,
758 3463 879 3528 habens
897 3463 930 3524 in
954 3482 987 3526 sc
1009 3463 1286 3544 repromissionem
1309 3462 1372 3524 vitc

74 3553 234 3630 presentis,
256 3571 318 3634 que
340 3572 426 3616 nunc
448 3562 508 3626 est,
529 3555 706 3618 secundum
728 3553 906 3637 apostolum
924 3559 956 3616 ct
976 3553 1092 3624 future,
1112 3551 1187 3616 inde
1209 3557 1265 3621 est
1287 3551 1371 3632 quod

74 3641 268 3705 universitati
296 3647 400 3707 vestre
427 3651 539 3708 notum
565 3663 634 3708 esse
661 3643 823 3722 volumus,
849 3641 934 3725 quod
955 3661 1014 3704 nos
1035 3641 1202 3704 ecclesiam
1225 3641 1315 3704 beate
1338 3659 1374 3702 ac

74 3729 204 3808 gloriose
231 3733 365 3814 virginis
393 3733 492 3796 Marie
519 3735 552 3796 in
574 3733 670 3796 Porta
690 3733 817 3817 pietatis
839 3732 939 3794 oculis
957 3731 1118 3794 intuentes
1140 3730 1297 3802 omnibus,
1320 3729 1374 3810 qui

73 3819 106 3879 in
128 3821 348 3884 festivitatibus
371 3822 498 3886 domine
521 3829 627 3886 nostre
650 3830 681 3886 et
702 3823 733 3885 in
757 3822 954 3885 dedicatione
978 3841 1014 3883 ac
1036 3821 1252 3884 anniversario
1276 3820 1375 3902 ipsius

74 3909 203 3976 ecclesie
233 3911 442 3975 dedicationis
469 3914 519 3977 die
551 3933 624 3976 cnm
652 3911 820 3975 devotione
847 3911 994 3974 venerint
1019 3911 1058 3972 ad
1081 3910 1214 3974 eandem
1238 3915 1270 3972 et
1290 3908 1376 3970 obla-

76 3998 173 4063 tiones
200 4021 275 4064 snas
300 4001 418 4065 ibidem
449 4002 488 4065 ad
515 4007 705 4066 structuram
736 4001 922 4076 obtulerint,
962 4001 1001 4064 do
1032 3999 1251 4064 misericordia
1281 3999 1375 4062 llresu

75 4085 187 4152 Christi
213 4089 275 4154 loci
302 4089 473 4172 dyocesani
501 4112 659 4156 consensu
686 4093 856 4155 accedente
887 4089 1098 4172 quadraginta
1123 4089 1191 4152 dics
1220 4093 1250 4151 et
1280 4107 1376 4150 iuram

75 4175 239 4242 terrenam
276 4179 315 4244 de
351 4181 514 4244 iniuncta¹
550 4181 611 4246 sibi
649 4201 744 4265 super
780 4181 923 4244 contritis
955 4186 987 4244 et
1017 4179 1172 4242 confessis
1204 4177 1379 4262 penitentia

75 4267 320 4334 misericorditer
348 4271 552 4354 indulgemus
579 4272 637 4334 hac
663 4276 772 4334 nostra
799 4270 998 4352 indulgentia
1028 4287 1131 4350 usque
1164 4267 1203 4330 ad
1230 4286 1374 4331 consum·

77 4359 243 4424 mationem
264 4361 365 4443 ipsius
385 4362 570 4424 monasterii
591 4361 751 4423 duratura.
783 4359 900 4424 Datum
921 4357 1132 4442 Brnndebnrg
1153 4378 1236 4420 anno
1259 4355 1378 4420 domini

77 4447 324 4523 ll⁰OC⁰LXV11L
346 4456 458 4532 quarto
480 4469 581 4514 nonas
599 4451 694 4524 lunii,
715 4450 919 4534 pontificatus
940 4449 1040 4512 nostri
1062 4467 1145 4511 anno
1167 4457 1218 4510 V0.

143 4564 283 4622 'iniunta

609 4677 858 4686 ————--—-—-
