3402 5152
641 389 850 450 Neron-466.
871 391 947 448 1316.
1254 399 1257 406 ⁴
1392 391 1446 448 433

139 541 229 609 ribus
267 545 463 610 sufficienter
493 549 523 607 et
555 544 687 609 fideliter
720 547 762 608 sit
791 547 964 628 provisum.
1015 543 1082 608 Noa
1113 545 1210 627 igitur
1241 543 1378 608 Sifridus
1417 551 1447 608 el

138 635 296 700 lohannes
324 655 422 720 supra
449 636 523 698 dicti
551 655 646 719 super
672 637 837 699 evictionis
863 641 894 698 et
920 636 1175 718 gwaraudiarum
1204 638 1357 700 (6666666
1380 655 1446 718 pre-

138 727 295 790 dictorum
323 727 477 790 bonorum
506 725 705 809 presentibus
732 728 764 788 in
793 726 928 788 solidum
959 725 1146 807 obligamur.
1188 725 1229 788 llt
1255 745 1312 788 nos
1333 725 1447 788 Petrus

138 816 242 878 dictos
259 816 377 879 Porclr‘
397 815 586 881 castellanus
607 816 640 878 in
653 815 878 898 Solronenberg
899 815 1119 878 etFriderieus
1140 816 1243 878 dietus
1267 815 1446 878 66661666-

138 911 237 968 stetess
270 925 366 989 sopra
382 907 548 968 dictorum
571 925 800 989 consponsores
830 925 885 989 pro
915 912 999 969 recta
1025 907 1207 988 guarandis
1236 907 1444 990 predictorum

138 995 294 1058 bonorum
328 997 457 1060 domino
480 996 594 1060 ‘abbati
627 1017 749 1080 suoque
777 999 947 1060 conventui
979 997 1125 1079 predictis
1157 1016 1214 1058 nos
1244 999 1276 1059 in
1310 997 1445 1058 solidum

139 1084 326 1167 obligamus,
369 1086 410 1150 Et
435 1089 511 1169 quia
542 1088 675 1169 propriis
706 1087 818 1169 sigillis
845 1089 1022 1165 caruimus
1053 1087 1164 1169 sigillis
1196 1087 1317 1150 domiui
1339 1086 1447 1150 Nuen·

140 1175 306 1258 burgensis
331 1177 540 1240 archidiaconi
572 1178 700 1240 maioris
727 1178 857 1240 ecclesie
879 1185 909 1239 et
928 1177 1047 1239 donnini
1070 1178 1201 1240 (luntori
1225 1177 1262 1239 de
1283 1176 1424 1240 Bunawe
1434 1179 1446 1216 ¹¹

137 1273 214 1328 tunc
235 1270 387 1351 temporis
408 1268 552 1330 advocati
572 1269 605 1328 in
628 1267 851 1350 Schonenberg
876 1287 1005 1350 presens
1031 1268 1181 1350 scriptum
1206 1269 1446 1349 procuravimus

138 1356 277 1438 sigillari.
318 1357 359 1419 Et
379 1376 439 1419 nos
459 1405 485 1418 ..
504 1357 683 1440 prepositus
697 1357 824 1420 maioris
841 1356 971 1419 ecclesie
985 1357 1018 1418 iu
1029 1355 1207 1438 Nuenburg
1222 1364 1253 1419 66
1263 1355 1446 1420 Guntberus

138 1447 243 1509 dictus
264 1447 303 1509 de
325 1446 470 1510 Buuawh
499 1449 756 1529 recognoscimus
784 1447 923 1529 predicta
950 1453 981 1509 et
1010 1467 1106 1529 supra
1136 1449 1252 1529 scripta
1283 1436 1445 1511 lenitatem

137 1537 302 1599 conticere
332 1543 364 1599 et
393 1538 432 1598 ad
466 1537 663 1600 evidencianr
695 1538 840 1600 omnium
876 1539 1101 1620 premissorum
1133 1555 1262 1619 presens
1294 1541 1446 1620 scriptum

137 1626 316 1708 sigillorum
340 1635 520 1690 nostrorum
543 1628 890 1710 appensionedccimua
911 1627 1059 1692 roborari.
1090 1625 1207 1689 Datum
1224 1647 1309 1690 anuo
1326 1629 1445 1692 domini

137 1725 279 1782 M⁰CCC⁰
292 1727 369 1796 XVI,
390 1719 501 1800 qrriuto
523 1719 595 1780 idus
616 1718 745 1800 Aprilis
786 1717 893 1780 Testes
914 1717 1010 1780 huius
1031 1722 1107 1780 sunt
1127 1717 1276 1779 dominus
1298 1717 1446 1782 Nicolaus

139 1805 364 1890 viceplebanus
392 1809 425 1869 in
448 1806 707 1889 Schoncnbergk,
734 1807 829 1871 frater
850 1807 1008 1870 lebannes
1037 1808 1140 1870 dictus
1167 1806 1393 1870 Sebaffenradti
1417 1819 1447 1874 et

135 1894 235 1958 frater
257 1897 421 1960 Conradus
449 1898 552 1960 dictus
580 1897 619 1959 de
646 1896 779 1960 Heseler
804 1897 950 1960 monachi
980 1898 1012 1959 in
1042 1895 1149 1976 Porta,
1179 1898 1327 1960 dominus
1347 1897 1447 1962 Hein-

133 1987 225 2052 rious
254 1987 358 2048 (lictus
388 1987 426 2049 de
451 1985 687 2069 Schooenberg,
717 1987 865 2049 dominus
886 1985 1090 2066 Vlman[n]us
1119 1987 1222 2050 dictus
1247 1988 1285 2050 de
1307 1989 1446 2051 Gusowl

137 2077 266 2155 milites
288 2077 504 2141 Erbenbortus
526 2077 687 2140 castellani
708 2079 741 2138 iu
754 2075 979 2159 Schonenberg
1000 2078 1102 2140 etalii
1123 2079 1253 2160 plorimi
1274 2078 1336 2142 fide
1349 2079 1446 2162 digni.

206 2220 360 2276 ’dolwicn
383 2223 452 2275 ollae
476 2223 505 2274 in
525 2239 597 2292 pago
613 2221 765 2291 Thuringie
790 2221 820 2274 D
916 2212 1037 2276 bdictos
1062 2221 1093 2274 D
1194 2222 1398 2293 ckunegundis
1417 2221 1446 2276 D

132 2293 146 2330 ‘¹
167 2302 228 2356 Der
247 2302 382 2356 Sobrer'bcr
400 2303 447 2356 bol
465 2303 509 2355 eie
528 2302 610 2354 velim
628 2307 691 2356 eder
708 2303 760 2370 dpl.
781 2303 951 2370 auspelussen
1048 2303 1058 2328 ²¹
1077 2301 1148 2356 alliis
1170 2303 1192 2355 Τ
1276 2294 1402 2373 ‘porczk
1421 2303 1447 2356 D

131 2385 147 2418 ⁵³
165 2381 344 2452 balgaslatete
362 2381 392 2434 D
464 2371 595 2436 hbunow
616 2382 645 2434 D
715 2373 908 2437 ischuffinrod
926 2380 956 2434 D
1027 2373 1216 2438 kBusowcT

671 2563 921 2570 .——-—-·——--—--·—-

129 2636 252 2718 1316.
280 2635 441 2720 66113.
1351 2635 1445 2718 466.

222 2780 368 2844 Gerbord
398 2779 575 2844 Mursclrell
600 2801 659 2844 vora
688 2781 881 2844 Gessarsledl
909 2780 1057 2860 verbaust
1082 2780 1150 2842 dem
1183 2780 1309 2844 Kloster
1341 2781 1449 2862 Psbrle

179 2877 203 2935 3
227 2870 327 2934 Murlc
347 2869 520 2948 jdbrliclreu
542 2870 622 2932 'Aius
642 2872 675 2932 iu
696 2870 852 2951 Lissdors,
874 2871 935 2933 dou
957 2891 990 2933 cr
1010 2892 1068 2934 ocu
1090 2872 1258 2934 desselben
1279 2891 1320 2935 zu
1345 2872 1449 2936 Lclren

175 2961 289 3042 yehubt
309 2961 372 3037 bol,
394 2962 452 3042 fiir
473 2965 518 3026 24
539 2961 656 3036 Mart,
681 2963 732 3024 dle
751 2963 810 3024 cles
832 2961 958 3024 Klosler
977 2963 1034 3042 fair
1056 2962 1112 3024 iba
1134 2983 1194 3024 zur
1214 2959 1368 3041 Decleuup
1391 2983 1448 3024 oon

178 3050 338 3117 &aulaea
357 3051 475 3114 emant
493 3053 555 3114 666

290 3177 425 3232 Horam.-
448 3179 471 3230 Τ
476 3182 534 3231 131.
562 3167 670 3232 1)]10ὴ
689 3177 947 3248 (titLisingistorfl)
967 3180 1017 3232 mit
1033 3178 1223 3248 Kilrcunpen.¹

293 3271 416 3326 Drueke:
434 3271 544 3336 Bdbme,
563 3271 813 3341 Herrnpossersledt
829 3276 872 3326 20.
910 3271 1047 3326 Deulsclt:
1071 3271 1155 3339 WOlff
1166 3272 1208 3339 II,
1227 3277 1286 3326 363.

221 3393 290 3478 Ego
314 3395 495 3458 Gerhordus
524 3395 715 3458 marscalcus
743 3396 782 3459 de
804 3395 1003 3460 Goserstetho
1032 3415 1220 3478 recognosco
1248 3398 1445 3479 presencium

122 3507 193 3572 per
216 3492 372 3565 tenorem,
400 3486 500 3568 quod,
523 3506 596 3550 com
625 3487 707 3568 opud
730 3485 845 3550 iudces
867 3485 979 3550 debitis
1001 3505 1102 3550 essem
1124 3488 1262 3569 graviter
1283 3487 1448 3569 obligatus,

121 3578 176 3643 ad
200 3576 408 3639 eximendum
431 3595 482 3638 me
504 3576 543 3638 66
564 3577 624 3638 666
643 3595 738 3638 onere
759 3576 798 3639 de
818 3595 977 3639 consensu
997 3582 1028 3639 et
1048 3576 1244 3658 beneplacito
1264 3577 1370 3638 fratris
1386 3579 1447 3639 mei

121 3667 286 3732 Heinrici
319 3672 382 3728 tres
412 3685 534 3729 marcas
565 3685 745 3728 annuorum
778 3667 961 3730 reddituum
992 3668 1025 3728 in
1055 3667 1130 3728 villa
1155 3666 1383 3749 lisingesdorff
1408 3667 1447 3728 ad

119 3777 188 3825 me
218 3758 290 3819 iure
317 3757 503 3820 hereditario
531 3757 695 3819 devolutas
724 3757 852 3820 domino
874 3757 1005 3820 Alberto
1033 3755 1137 3820 abbati
1160 3757 1317 3837 Portensi‚
1344 3777 1447 3840 aquo

117 3869 192 3916 eas
213 3849 286 3910 iure
305 3847 424 3910 feudali
445 3850 547 3928 tenui,
576 3849 634 3911 rite
662 3854 693 3910 at
714 3848 945 3910 racionabiliter
966 3867 1021 3930 pro
1044 3849 1156 3928 viginti
1178 3853 1315 3930 qrrutuor
1334 3848 1448 3910 mareis

119 3939 270 4006 vendidi
292 3949 345 4000 ac²
367 3941 399 4000 in
422 3959 538 4015 manns
558 3940 660 4022 ipsius
684 3938 807 4002 abbatis
826 3937 960 4001 fideliter
980 3940 1147 4020 resignavi,
1169 3959 1264 4020 cluam
1288 3958 1445 4000 summam

115 4029 255 4112 viginti
287 4035 425 4111 quatuor
457 4049 634 4092 marearum
665 4029 804 4111 prefatus
826 4029 976 4092 dominus
996 4028 1094 4092 abbas
1115 4031 1148 4091 in
1171 4029 1264 4092 Wibe
1287 4027 1447 4091 Abraham

112 4121 239 4188 Iudco
266 4138 321 4201 pro
347 4139 398 4182 me
424 4120 521 4182 solvit
547 4127 577 4182 et
601 4119 717 4182 ibidem
747 4139 765 4180 a
786 4119 900 4181 debitis
918 4139 970 4182 me
991 4121 1135 4184 exsolvit,
1176 4120 1217 4182 Et
1238 4122 1313 4202 quia
1334 4121 1367 4182 in
1389 4119 1448 4180 hac

114 4211 305 4279 solucione
334 4228 459 4273 mecum
482 4212 588 4273 sencio
610 4208 689 4273 bene
709 4215 846 4291 gestum,
866 4209 976 4273 volens
1002 4209 1183 4274 l'ortensem
1204 4212 1386 4273 ecclesiamb
1408 4208 1447 4271 ab

111 4300 343 4384 impeticione
366 4319 509 4363 meorum
533 4300 700 4378 heredum,
727 4303 784 4382 qui
813 4301 916 4363 adhue
942 4303 1078 4364 racionis
1106 4308 1250 4386 expertes
1276 4307 1366 4379 sunt,
1393 4319 1449 4383 per

110 4391 250 4460 omnia
272 4407 426 4469 securare,
445 4396 621 4473 presentem
645 4392 791 4472 paginam
815 4391 917 4472 sigillo
939 4412 1008 4454 meo
1022 4399 1053 4455 et
1070 4395 1173 4476 sigillo
1184 4393 1326 4455 Heinrici
1343 4393 1449 4454 fratris

109 4481 223 4551 mei⁰
251 4479 312 4542 feci
339 4479 473 4542 fideliter
500 4483 701 4544 communiri.
742 4479 851 4543 Huius
880 4482 925 4543 rei
946 4490 1041 4546 testes
1062 4489 1138 4546 sunt
1158 4484 1342 4561 Helorions,
1367 4481 1447 4546 Her-

44 4617 47 4622 ·
106 4589 293 4650 manuue,
313 4569 523 4634 Theodericus
544 4571 707 4635 marscalci
729 4571 975 4638 deHoltzbusen
997 4577 1154 4656 patrueles
1176 4576 1249 4656 mei,
1271 4576 1327 4657 qui
1348 4575 1446 4638 eciam
