3410 5146
330 347 379 405 lla
703 345 933 406 Urkundenbueh
951 347 1000 405 des
1018 345 1143 407 Klosters
1162 345 1262 407 Plorte.

328 503 513 566 Portensem
534 501 698 566 ecclesiam
722 522 778 566 sue
800 504 912 565 merito
933 501 1096 585 religionis
1119 523 1173 586 pre
1188 504 1302 566 ceteris
1316 503 1438 566 colonis
1451 503 1619 566 ethonrini-

327 593 387 656 bus
404 611 607 674 quocumque
621 593 691 656 iure
705 591 788 654 bona
801 600 908 654 nostra
918 593 1100 656 tenentibus
1112 593 1250 675 gaudere
1262 594 1410 656 volumus
1420 595 1620 661 immunitate.
1694 617 1695 622 ¹

327 683 412 764 quod
439 682 478 745 de
509 682 599 744 bonis
626 681 746 744 eisdem
774 687 879 766 preter
903 682 1025 744 nudum
1051 683 1201 745 censumt
1225 683 1322 745 nichil
1344 684 1492 765 cuiquam
1517 683 1620 746 debent

326 773 474 856 angariis,
496 772 705 854 perangariis,
727 771 952 848 peticionibus,
975 771 1197 835 exactionibus
1218 777 1250 835 et
1271 771 1466 852 quibuslibet
1487 773 1621 835 serviciis
1694 781 1695 818 l

326 863 455 925 omnino
486 861 685 924 cessantibus
715 881 775 924 neo
806 861 843 923 ad
878 861 998 924 iudicia
1029 861 1156 944 publica
1187 862 1238 924 vel
1268 861 1389 942 civilia,
1425 881 1620 944 quocumque

325 953 453 1014 nomine
464 951 671 1035 appellentur,
694 951 807 1014 fratres
828 952 909 1014 trahi
931 953 1061 1033 possint,
1083 951 1214 1014 exclusa
1230 953 1324 1015 etiam
1342 971 1431 1034 pena,
1452 971 1515 1032 que
1532 952 1620 1032 vulgo
1694 981 1695 1018 ι

325 1047 418 1104 nette
447 1041 576 1116 dicitur,
606 1047 638 1104 et
666 1039 814 1103 omnibus
843 1040 913 1103 aliis
941 1042 1031 1122 penis
1053 1042 1120 1104 sive
1150 1043 1349 1124 captionibus
1370 1043 1402 1104 in
1424 1061 1620 1123 quocumque

324 1150 400 1193 casu
422 1131 582 1194 consuetis
603 1130 715 1212 infligi,
738 1132 851 1211 quovis
869 1132 998 1192 nomine
1016 1139 1214 1194 censeantur.
1256 1133 1424 1195 Adicimus
1452 1132 1565 1208 otiam,
1592 1137 1622 1195 ut

324 1239 383 1282 neo
405 1219 539 1282 ecclesia
560 1219 797 1283 Hersleldensis
818 1239 877 1282 neo
907 1220 1077 1300 quisquam
1099 1222 1168 1283 eius
1191 1223 1319 1285 nomine
1341 1221 1452 1285 eadem
1474 1221 1559 1284 bona
1578 1222 1620 1284 vol

324 1329 434 1372 cortun
456 1328 589 1371 censum
610 1310 642 1370 in
666 1328 900 1390 quamcumque
922 1329 1090 1391 porsonam
1116 1310 1166 1373 rel
1188 1311 1353 1373 ecclesiam
1378 1311 1447 1392 lege
1471 1309 1621 1385 beneficii,
1694 1337 1695 1340 ¹

324 1400 579 1481 permutationis
609 1399 836 1481 pignorationis
861 1399 911 1462 vel
941 1418 1143 1482 quocumque
1168 1401 1271 1482 tytulo
1300 1402 1363 1464 nisi
1383 1403 1416 1462 iu
1438 1401 1618 1465 Porteusem

323 1489 490 1552 ecclesiam
516 1489 567 1551 vel
595 1489 633 1552 de
659 1489 777 1572 ipsiusss
804 1507 963 1550 consensu
989 1490 1088 1572 possit
1112 1490 1297 1567 transferre,
1317 1509 1390 1552 oum
1412 1491 1481 1553 eius
1502 1491 1620 1554 intersit

323 1579 543 1641 condicionem
564 1579 665 1663 ipsius
686 1580 718 1640 in
741 1578 894 1640 solvendo
917 1597 979 1640 uon
1006 1579 1091 1641 eiiioi
1117 1579 1287 1642 duriorem.
1328 1579 1430 1662 Igitur
1452 1587 1486 1642 ut
1507 1581 1621 1642 faomm
1694 1591 1695 1660 ff

322 1673 385 1730 tam
408 1667 710 1731 racionabile'nulla
731 1669 928 1750 temporumh
949 1673 1106 1732 vetustate
1133 1667 1325 1732 abolendum
1352 1675 1506 1753 perpetua
1526 1670 1620 1732 firmi·
1694 1671 1695 1704 l

322 1763 385 1821 tate
408 1757 570 1835 subsistat,
598 1759 636 1820 ad
664 1757 935 1840 comprobandum
966 1763 1028 1820 um
1050 1759 1150 1820 nostri
1173 1777 1267 1839 quam
1289 1759 1420 1840 capituli
1440 1760 1619 1822 unanimem
1694 1833 1695 1838 γ

321 1849 353 1910 iu
381 1848 440 1909 hoc
469 1849 602 1929 negocio
631 1867 796 1911 assensum
827 1866 1000 1929 perennem
1025 1854 1204 1930 presentem
1231 1849 1378 1930 paginam
1405 1847 1501 1929 sigilli
1526 1849 1621 1911 nostri
1693 1845 1695 1892 ἶ

320 1939 517 2019 inpressione
539 1938 727 2000 roboramus
747 1944 780 2000 et
800 1937 903 2020 sigillo
925 1937 1054 2017 capituli
1076 1937 1115 2000 de
1137 1939 1299 2000 communi
1315 1939 1457 2000 omnium
1473 1945 1505 2000 et
1518 1940 1621 2019 singu-

323 2027 424 2092 lorum
453 2048 604 2110 expresso
630 2045 789 2090 consensu
816 2027 1059 2090 communimus.
1101 2026 1207 2090 Huius
1236 2028 1281 2090 rei
1309 2033 1405 2090 testes
1425 2037 1500 2091 sunt
1520 2027 1622 2091 Hele·
1694 2069 1695 2086 2

321 2116 430 2180 bertus
452 2120 618 2200 episcopus
631 2115 908 2198 Babinbergensis,
931 2113 1061 2178 Witelo¹
1083 2115 1180 2178 abbas
1202 2117 1302 2180 sancti
1315 2116 1399 2180 Petri
1422 2118 1453 2178 in
1470 2117 1623 2184 Erlordia.

322 2205 490 2270 Ounradus
517 2207 615 2269 abbas
640 2207 671 2269 in
699 2205 888 2286 Bretingeu,
920 2203 1101 2268 Fridericus
1122 2205 1219 2268 abbas
1240 2207 1274 2267 iu
1295 2205 1509 2283 Wallrenrith‚
1549 2208 1622 2270 Ger-

321 2295 417 2359 ardus
440 2296 538 2358 abbas
558 2298 590 2357 in
604 2294 848 2372 Volliolderode,
869 2293 1074 2356 Eberhardus
1096 2293 1194 2356 abbas
1215 2295 1254 2358 de
1265 2295 1358 2358 Valle
1376 2297 1476 2358 sancti
1488 2296 1623 2378 Georgii.

321 2384 510 2449 Ludewious
535 2387 713 2468 prepositus
739 2383 990 2460 Hersfoldensis,
1022 2384 1204 2448 Guutberus
1233 2386 1412 2468 prepositus
1440 2385 1479 2448 do
1508 2385 1623 2449 Oruze-

321 2473 403 2552 berc,
426 2474 609 2537 Guntberus
629 2473 808 2556 prepositus
829 2471 867 2534 de
889 2471 1101 2548 Mimeleiben,
1122 2472 1364 2536 Herkenbertus
1385 2475 1566 2556 prepositus
1588 2475 1624 2536 de

321 2563 489 2645 Gelingen,
517 2563 681 2626 Holuious
709 2562 887 2644 prepositus
913 2561 952 2623 de
980 2560 1081 2634 Lacu,
1102 2561 1343 2625 Hartmannus¹¹
1365 2563 1505 2626 decanus
1526 2563 1623 2627 Hers

319 2653 480 2730 leidensis,
503 2653 702 2716 Walohunus
724 2651 941 2728 subdecanus,
963 2650 1092 2712 Vlrious
1112 2658 1228 2728 custos,
1250 2650 1434 2714 Hordeinus
1455 2652 1625 2735 hospitala-

318 2744 400 2819 rius„
441 2744 613 2806 Heinricus
646 2742 840 2804 camerarius
877 2740 1095 2818 domiuomm,
1132 2739 1222 2802 Rolro
1259 2743 1454 2804 camerarius
1492 2743 1624 2809 abbatis.
1693 2737 1694 2744 '

318 2833 506 2915 Hartuugus
532 2831 729 2903 cellerarius,
763 2829 935 2893 Heinricus
964 2831 1137 2911 portarius,
1171 2829 1356 2893 Dithmarus
1384 2831 1423 2894 de
1453 2832 1625 2915 Beringeu,

318 2921 505 2984 Ekebardus
527 2923 566 2983 de
588 2921 716 2996 Bibera,
741 2918 939 2981 Har-tmudus
961 2919 1000 2981 de
1021 2918 1209 3000 Bretingen,
1229 2919 1471 2983 Herkenbertus
1493 2919 1574 2984 Oraa
1596 2931 1626 2983 et

319 3017 403 3073 totus
431 3017 623 3089 conventus,
651 3011 759 3092 Poppo
788 3027 895 3071 comes
922 3008 961 3069 de
988 3008 1216 3087 Hennenberc,
1244 3008 1432 3092 Lampertus
1453 3030 1563 3073 comes
1586 3011 1624 3074 de

319 3101 464 3180 (Nioben,
493 3102 651 3163 lohannes
677 3101 715 3162 de
737 3097 1001 3175 Heruersleiben‚
1027 3098 1200 3161 Heinn'ous
1227 3099 1265 3161 de
1288 3099 1424 3178 (debesa
1453 3099 1626 3164 Ounradus

317 3198 349 3252 et
371 3190 550 3253 Fridsrious
573 3191 612 3254 de
634 3189 780 3264 Cullede,
805 3187 1018 3251 Theodericus
1043 3195 1075 3250 ct
1095 3189 1283 3252 lllrehardus
1305 3189 1343 3252 de
1366 3189 1489 3254 Gebese
1516 3197 1549 3254 et
1572 3191 1625 3252 alii

316 3280 432 3363 plures.
464 3282 545 3343 Acta
563 3288 638 3344 sunt
649 3281 707 3344 bec
718 3298 800 3340 anno
814 3278 934 3341 domiui
950 3285 1148 3356 M⁰Od⁰XX⁰‚
1169 3279 1341 3342 indictione
1353 3289 1446 3351 Vlli‘,
1468 3287 1625 3362 regnante

316 3370 477 3434 Eriderloo
501 3371 670 3434 victorioso
694 3369 910 3431 Romanorum
936 3385 1010 3448 rege
1037 3386 1162 3450 sempor
1187 3375 1322 3450 augusto
1348 3373 1380 3432 et
1406 3389 1482 3451 rege
1504 3369 1625 3450 Syoilie

315 3460 458 3523 feliciter.
500 3461 613 3524 Arnen.

385 3596 395 3623 ³
421 3613 486 3666 ergo
513 3597 550 3650 sit
580 3595 604 3648 Τ
666 3587 678 3622 ¹³
705 3592 809 3648 soalum
841 3591 865 3645 T
922 3591 932 3620 ⁰
961 3590 1015 3644 illis
1046 3592 1071 3644 T
1138 3583 1150 3620 ὁ
1178 3592 1353 3646 consulerent
1379 3591 1409 3646 D
1471 3597 1482 3626 ι’
1508 3552 1626 3651 ecclesio
1691 3583 1692 3632 l

314 3689 516 3792 prouelrturum
543 3723 567 3774 Τ
636 3712 824 3774 fconsensum
855 3718 879 3769 Τ
947 3717 1031 3787 ‘ipis
1052 3717 1081 3770 D
1151 3707 1163 3744 '¹
1192 3719 1360 3789 temporeT
1391 3701 1396 3711 ¹
1427 3711 1584 3776 ¹Wichelo
1606 3723 1632 3776 Τ

316 3796 561 3856 “hermannusT

844 3893 1090 3904 ...μ-...ἓ

315 3947 427 4030 1220.
1216 3957 1219 3964 '
1555 3947 1629 4030 86.
1690 3993 1691 4000 ¹

395 4082 529 4162 Ludwig
565 4081 627 4144 Aac
663 4100 721 4144 voa
753 4077 900 4160 Hersfetd
937 4078 1078 4156 besldtiyt
1108 4079 1168 4142 dea
1199 4100 1257 4142 oon
1290 4080 1405 4144 seinana
1443 4081 1631 4163 Vorpc'inqer

354 4171 507 4236 Heinrich
527 4170 791 4252 abpescblosseaea
812 4168 954 4249 Verkaaf
970 4189 1028 4231 oon
1054 4171 1120 4248 9¹la
1141 4168 1253 4250 Hafaa
1278 4171 1311 4234 ia
1333 4169 1544 4236 Hensoblebm
1568 4175 1631 4256 fiir

354 4267 418 4326 100
439 4261 539 4324 Marlc
565 4261 634 4324 aad
655 4261 745 4323 einen
759 4258 938 4366 jdbrlicbea
958 4257 1037 4320 Zias
1057 4279 1115 4322 corr
1137 4263 1205 4339 aliq
1229 4259 1327 4324 Maria
1348 4282 1391 4324 aa
1414 4262 1473 4325 das
1493 4261 1633 4328 Krossa-

353 4354 468 4434 mora

463 4455 590 4512 aaaron:
611 4453 637 4506 D
651 4459 685 4508 ao
693 4446 705 4482 ¹·
722 4455 774 4520 (aa.
793 4451 870 4520 ver).
892 4453 980 4506 Trea

463 4549 587 4616 Aamztrp:
610 4546 694 4616 Wolff
703 4547 727 4612 I,
752 4549 811 4601 320.
