3442 5148
669 425 719 484 Nr.
730 427 754 480 2.
776 425 851 482 113&
1393 423 1410 478 3

107 581 337 664 possessionem
363 579 461 642 restn'
488 577 614 644 cenobii
639 577 772 642 fluentis
798 598 817 640 a
841 579 984 661 predicto
1012 579 1109 642 irntre
1131 583 1239 644 nostro
1261 580 1409 664 episcopo

107 671 194 734 robis
222 670 375 734 donatum
402 668 523 750 absque
550 668 685 732 alicuius
710 668 960 732 contradictione
983 689 1040 732 vos
1060 667 1177 732 habere
1200 668 1410 734 deceruimus.

107 759 147 822 Ut
167 767 275 823 autem
298 760 437 840 quietius
458 758 666 840 omnipotenti
689 757 817 820 domino
839 758 958 822 servire
980 759 1115 842 possitis,
1133 759 1272 841 presenti
1294 761 1410 862 scripto

106 849 256 912 duximus
283 847 508 926 inhibendum
534 854 570 910 nt
558 845 700 910 tnullus
726 845 875 928 clericus,
901 847 1010 910 nullus
1031 847 1131 910 laicus
1152 847 1270 911 iniret
1257 849 1411 912 terminos

105 945 227 1001 nestros
250 937 473 1000 venationibus
494 937 611 1000 audeat
599 943 744 998 tracare
766 941 822 1000 aut
842 938 937 1019 nugis
952 936 1171 1000 consimilibus
1184 955 1311 1020 operam
1326 937 1410 1001 dere.

105 1027 313 1090 Decernirnus
334 1047 419 1110 ergo
441 1033 477 1088 ut
497 1025 578 1089 nulli
601 1027 731 1088 omuino
753 1025 918 1090 hominum
939 1026 1033 1089 liceat
1021 1027 1303 1109 tprenonrinatnm
1316 1047 1411 1090 ceno-

105 1117 190 1180 bium
229 1124 348 1180 temere
389 1116 575 1201 perturbare
617 1121 673 1178 aut
707 1116 776 1178 eius
804 1117 1021 1199 possessiones
1051 1117 1176 1178 auferre
1209 1114 1259 1178 sel
1290 1115 1411 1180 ablatas

104 1209 251 1284 retinere,
272 1208 416 1270 minnere
438 1211 493 1270 aut
514 1205 675 1287 aliquibus
696 1206 921 1268 iterationibus
936 1206 1077 1288 fatigare,
1100 1204 1155 1269 sed
1171 1206 1412 1289 onrniaintegra

103 1303 334 1360 conserventur
360 1315 485 1375 eorum,
514 1315 571 1378 pro
598 1315 734 1378 querum
761 1296 991 1378 gubernatione
1018 1301 1050 1358 et
1078 1295 1308 1358 sustentatione
1335 1315 1411 1358 con-

103 1405 192 1449 cessa
213 1392 302 1464 sunt,
328 1384 440 1466 usibus
462 1384 653 1448 omnimodis
673 1385 853 1469 profutura,
875 1385 963 1448 salve
984 1385 1135 1447 nimirum
1157 1383 1318 1448 diocesani
1344 1386 1410 1468 epi·

104 1477 190 1559 scopi
212 1475 321 1539 debite
335 1476 522 1539 reverentia.
555 1473 588 1538 Si
610 1494 672 1556 qua
693 1474 791 1556 igitur
814 1475 845 1537 in
870 1481 1030 1558 posterum
1052 1475 1267 1554 ecclesiastica
1288 1475 1412 1554 secula-

104 1566 185 1630 risve
215 1584 352 1648 persona
380 1565 462 1628 huuc
489 1569 599 1645 nosue
626 1565 862 1628 constitutionis
891 1565 1038 1648 pagiuam
1069 1565 1174 1627 sciens
1205 1569 1315 1627 contra
1340 1583 1410 1627 esur

104 1661 222 1718 temere
250 1655 360 1718 venire
387 1655 605 1736 temptaverit,
632 1654 773 1717 secundo
802 1655 941 1716 terciove
968 1654 1176 1731 commonita,
1206 1653 1266 1715 nisi
1288 1661 1411 1717 reatum

104 1763 197 1806 suum
219 1763 361 1826 congrua
381 1742 595 1806 satisfactione
617 1744 808 1821 correxerit,
832 1744 996 1826 potestatis
1022 1743 1214 1822 honorisque
1237 1743 1286 1805 sni
1309 1743 1412 1826 digni·

104 1839 164 1898 rate
193 1842 301 1896 carent
328 1853 478 1914 reamque
501 1853 535 1896 se
557 1833 665 1896 diuino
687 1833 800 1896 iuditio
822 1833 960 1896 existere
983 1833 1021 1894 dc
1043 1837 1222 1914 perpetrata
1243 1833 1411 1914 iniquitate
1457 1883 1462 1894 .

103 1929 275 2005 cognoscat
305 1929 336 1986 ct
370 1943 388 1984 a
415 1923 627 1986 sacratissimo
650 1941 782 2006 corpore
804 1942 841 1985 ae
863 1923 1017 2004 sanguine
1040 1921 1091 1984 dei
1115 1927 1147 1986 et
1168 1921 1289 1984 domini
1311 1923 1411 1986 nostn

102 2011 203 2075 ihesu
231 2011 345 2074 Christi
375 2011 479 2075 aliena
505 2011 563 2074 fiat
587 2018 682 2092 atque
709 2013 742 2073 iu
772 2017 915 2075 extremo
944 2011 1093 2074 examine
1127 2009 1268 2074 districte
1299 2010 1411 2074 ultioni

104 2102 274 2166 subiaceat.
316 2101 448 2164 Cunctis
479 2106 586 2165 nutem
616 2103 719 2166 eidern
752 2101 822 2165 loco
855 2121 911 2164 sua
943 2101 1015 2163 iure
1045 2099 1248 2163 sernentibus
1278 2101 1319 2163 sit
1348 2119 1411 2184 pax

104 2191 225 2254 ‹lemiui
253 2193 354 2256 nostri
378 2191 479 2254 Jhesu
506 2191 639 2270 Christi,
671 2197 828 2273 quatenus
857 2196 888 2254 et
915 2191 967 2253 hic
994 2191 1134 2254 fructum
1163 2189 1248 2272 bone
1277 2191 1411 2254 actionis

105 2281 280 2364 percipient
304 2289 337 2346 et
362 2281 447 2364 apud
475 2281 653 2344 districtum
681 2281 821 2344 iudicem
850 2281 972 2362 premia
998 2288 1110 2361 eterne
1130 2281 1217 2362 pscis
1236 2280 1412 2344 inveniant.

104 2373 216 2434 Arnen.
238 2371 352 2434 Arnen.
373 2372 488 2434 Amen.

180 2482 195 2552 (
202 2468 235 2534 0.
251 2469 303 2550 P.)
323 2473 391 2555 Ego
412 2473 621 2537 Innocentius
643 2472 798 2553 catholice
819 2471 955 2552 ecclesie
976 2472 1143 2554 episcopus
1165 2493 1204 2534 ss.
1226 2469 1306 2550 (M.)

106 2571 205 2636 lsinks
225 2573 283 2654 fiir
303 2574 363 2636 den
385 2572 580 2636 Bescbancr:

182 2665 207 2740 †
228 2663 296 2746 Ego
320 2663 434 2727 Petrus
456 2664 627 2726 cardinalis
647 2663 803 2747 presbiter
824 2664 906 2727 tituli
929 2668 1039 2752 sancte
1059 2661 1206 2743 Susanue
1227 2685 1266 2725 ss.

183 2754 207 2830 †
229 2753 297 2835 Ego
319 2753 481 2905 (ilerardus
502 2753 659 2836 presbiter
678 2753 849 2816 cardinalis
878 2754 962 2816 tituli
984 2761 1095 2832 sancte
1115 2754 1220 2815 crucis
1241 2755 1273 2814 in
1296 2753 1413 2818 Hieru-

305 2863 404 2906 saem
426 2863 466 2906 ss.

107 2919 234 2986 neers:

183 3014 206 3090 †
228 3011 296 3094 Ego
318 3013 490 3095 Gregorius
512 3013 665 3076 ‹liacuuns
686 3012 857 3075 cardinalis
879 3017 1061 3075 sauctorum
1082 3012 1183 3094 Sergii
1207 3019 1238 3075 et
1256 3013 1352 3076 Bechi
1371 3035 1410 3076 ss.

184 3104 207 3180 †
229 3101 297 3183 Ege
320 3101 423 3166 Gvido
445 3103 599 3166 diaconus
620 3101 790 3165 cardinalis
812 3103 913 3164 sancti
934 3102 1068 3164 Adriani
1091 3123 1131 3164 ss.

184 3193 207 3263 l
229 3191 296 3274 Ego
315 3191 513 3274 Grisogonus
535 3193 688 3254 diaconus
710 3190 881 3254 cardinalis
903 3197 1014 3272 sancte
1030 3189 1130 3254 Meris
1151 3191 1186 3252 in
1206 3191 1329 3274 porticu
1352 3215 1391 3254 ss.

107 3291 187 3355 Data
216 3293 317 3356 Rome
353 3313 411 3377 per
446 3313 577 3357 menum
608 3294 761 3356 himerici
798 3299 909 3373 sancte
936 3292 1082 3374 Romane
1116 3293 1253 3374 ecclesie
1286 3294 1413 3358 ‹liccoui

107 3383 275 3446 cardinalis
307 3389 339 3447 et
367 3383 564 3459 cancellarii,
594 3381 701 3445 idibus
728 3381 887 3459 dennuni,
920 3382 1094 3445 indictione
1115 3392 1154 3461 1⁸,
1184 3383 1412 3447 iucarnationis

108 3471 266 3556 dominice
287 3493 370 3536 enno
392 3473 710 3547 M⁰C⁰XXX⁰VH⁰,²
731 3473 936 3555 pontificatus
957 3473 1067 3535 domni
1088 3472 1268 3536 Innocentii
1286 3493 1366 3557 pepe
1384 3484 1411 3538 II

14 3627 15 3630 Ἴ
108 3579 189 3624 anno
210 3571 304 3626 V1H0.

225 3695 292 3762 Der
316 3695 408 3762 Orbis
427 3696 629 3779 pontificalis
655 3697 709 3762 nat
728 3697 879 3762 acheron
899 3697 959 3762 den
981 3697 1087 3761 beiden
1110 3697 1247 3762 Krec'scn
1268 3697 1319 3762 die
1342 3698 1413 3766 Um-

205 3787 333 3868 schrr'st:
353 3789 517 3866 'frodinus
544 3808 603 3852 nos
629 3787 708 3850 deus
730 3788 876 3851 salutaris
898 3793 1019 3868 noster
1040 3789 1084 3850 im
1106 3787 1211 3864 Fece,
1233 3789 1332 3853 drrrch
1353 3789 1412 3852 nas

207 3875 316 3940 Kree
335 3877 472 3957 petheilt:
1462 3903 1464 3908 η

680 3901 723 3976 sds
891 3937 934 3976 scs

636 4007 786 4063 PETRUS
839 4008 991 4063 PAULUS

655 4129 754 4185 INNO
832 4130 998 4186 CENTIUS

207 4339 442 4421 simeram:
461 4342 576 4406 suun
601 4263 774 4407 vendre
882 4245 945 4306 'H'

180 4484 190 4524 ¹
203 4489 378 4559 Wdctrmpin
386 4489 433 4544 der
442 4491 522 4546 Mine
533 4491 663 4546 namnetica
673 4491 764 4548 Knoen
776 4493 836 4546 und
846 4493 1008 4564 Ncmnhnrp
1025 4498 1078 4562 cns
1094 4493 1151 4550 dem
1170 4495 1262 4550 linires
1274 4495 1410 4566 &closer

110 4563 308 4622 ·Flcrentincr
326 4569 528 4640 Zenenown.

1173 4730 1209 4788 l*
