3400 5148
317 391 370 447 204
687 383 918 447 Urlrundenbuch
935 393 984 448 des
1002 393 1128 449 Klosters
1146 393 1248 449 Pforta.

318 543 405 606 omni
425 544 487 605 iuri
509 548 542 606 et
563 543 658 606 etiam
680 544 810 618 actioni,
831 545 858 606 si
881 545 997 625 quain
1019 545 1112 608 bonis
1132 546 1282 630 predictis
1303 547 1381 630 ipsis
1401 551 1533 630 possent
1552 563 1616 607 con-

317 637 425 716 petere
451 652 580 714 qarcquo
602 632 705 694 modo.
749 632 897 696 Ceterum
920 635 1015 696 etiam
1036 635 1213 698 secundum
1235 634 1467 696 ordinationem
1489 637 1521 697 et
1542 633 1615 696 difli-

316 723 469 785 nitionem
496 721 652 784 nobilium
680 722 831 802 virorum,
852 724 978 786 cernitis
1003 723 1156 787 thiderici
1185 723 1224 786 de
1253 722 1454 804 Bychlingen
1483 723 1615 794 senioris,

315 812 500 876 Theoderici
513 812 552 874 de
560 810 732 892 Vigbeche,
752 811 936 875 Theoderici
948 811 1164 890 lervinhcvbt,
1181 813 1334 877 ilriderici
1346 813 1385 877 de
1397 812 1615 894 Kyndehusen,

316 907 347 965 et
370 901 634 978 ministerialium,
660 901 810 984 Barthogi
834 901 967 984 dapiferi
995 903 1034 966 de
1065 901 1245 982 Slatheimb,
1270 902 1413 966 Bertoldi
1445 901 1615 966 vicedomni

317 992 356 1055 de
378 990 517 1074 Apolde,
548 989 706 1072 Gysilheri
733 995 765 1054 et
783 991 960 1054 Hermanni
983 992 1107 1055 Strantz
1132 993 1265 1056 fratrum
1293 992 1333 1056 de
1352 992 1538 1066 Tudestete,
1561 991 1615 1056 Ru-

315 1081 392 1144 dolfi
415 1081 454 1145 de
467 1081 576 1144 Varila
598 1088 630 1144 et
651 1080 773 1144 Alberti
795 1080 835 1144 de
849 1081 1022 1164 Arnsberg,
1043 1102 1139 1164 super
1160 1103 1265 1162 carisa,
1287 1082 1455 1166 quainter
1478 1081 1615 1145 abbatem
1679 1081 1680 1084 ’

315 1177 346 1235 et
361 1178 555 1235 conventum
571 1190 645 1254 sepe
667 1170 768 1233 dictos
791 1191 833 1233 cx
855 1191 919 1234 una
940 1178 972 1236 et
985 1171 1182 1236 Eberherum
1205 1178 1237 1236 et
1258 1172 1430 1236 coheredes
1440 1191 1517 1236 suos
1529 1191 1615 1254 supra

317 1261 418 1324 dictos
437 1281 478 1324 ex
500 1266 588 1344 parte
610 1260 709 1323 altera
730 1260 927 1336 vertebatur,
950 1267 1083 1342 utreque
1105 1263 1179 1325 hino
1201 1262 1276 1326 inde
1297 1267 1403 1346 partes
1425 1262 1530 1326 taliter
1550 1281 1615 1324 cen-

314 1355 500 1427 senserunt,
536 1350 686 1413 videlicet
720 1349 805 1431 quod
834 1350 1066 1414 retentaculum
1099 1371 1180 1432 aque
1206 1352 1289 1414 infra
1312 1351 1378 1416 Ver
1407 1352 1504 1414 situm
1534 1371 1616 1414 secus

313 1460 430 1521 aquam
451 1445 667 1518 memoratam,
689 1460 745 1522 pro
768 1458 830 1520 quo
852 1440 990 1502 invicem
1014 1439 1245 1520 discordabant
1268 1442 1294 1504 si
1317 1441 1445 1524 quando
1468 1447 1615 1504 vetustate

314 1529 489 1614 collapsum
521 1528 572 1592 vel
607 1529 638 1591 vi
671 1528 815 1591 fluminis
843 1528 1044 1592 disscllutum
1072 1529 1122 1593 vel
1150 1549 1279 1613 quoquo
1305 1530 1401 1593 modo
1429 1529 1616 1594 destructum
1680 1523 1681 1606 i

312 1620 422 1698 fuerit,
456 1620 489 1682 iu
520 1618 700 1696 latitudine,
732 1618 899 1682 altitudine
927 1625 959 1682 et
987 1619 1186 1702 longitudine
1217 1620 1322 1682 taliter
1351 1619 1445 1683 debet
1477 1619 1616 1702 reparari,

314 1711 406 1772 sicuti
429 1715 502 1772 ante
524 1728 625 1773 anuos
649 1709 779 1792 triginta
799 1715 831 1772 et
853 1708 989 1792 amplius
1012 1713 1060 1772 est
1081 1713 1317 1786 constructum,
1337 1714 1369 1772 et
1390 1708 1532 1790 quelibet
1553 1728 1617 1792 pars

314 1800 348 1863 in
373 1800 464 1864 litore
484 1820 542 1863 suo
568 1799 681 1862 salices
707 1799 767 1876 vel,
791 1799 867 1880 quid
889 1798 968 1861 utile
990 1798 1049 1861 sibi
1070 1798 1138 1862 fore
1159 1798 1361 1876 iudicaverit,
1384 1815 1441 1881 pro
1464 1798 1547 1862 velle
1567 1817 1617 1862 suc

313 1889 476 1971 plantabit,
498 1895 632 1972 excepto
650 1889 735 1969 quod
753 1907 858 1970 neque
875 1888 1033 1970 lapidibus
1050 1889 1101 1951 vel
1121 1889 1199 1951 fimo
1221 1907 1277 1952 seu
1299 1887 1432 1952 salicum
1453 1889 1487 1950 in
1510 1907 1617 1970 aquam

313 1980 522 2063 suspensione
557 1979 592 2040 in
627 1977 838 2061 preludicium
875 1977 1006 2042 alterius
1037 1983 1151 2041 neutra
1181 1997 1254 2061 pars
1286 1980 1418 2041 alteram
1449 1978 1617 2062 occupabit

313 2068 419 2132 Huius
448 2069 494 2132 rei
523 2073 619 2132 testes
647 2073 722 2131 sunt
749 2067 966 2150 conpositores
997 2067 1180 2131 amicabiles
1214 2067 1453 2150 suprascripti,
1482 2074 1619 2151 preterea
1681 2099 1682 2128 l

313 2158 486 2222 Heinrieus
511 2159 664 2240 pincerna
691 2157 731 2221 de
758 2156 897 2240 Apolde,
923 2156 1160 2220 Kunemuudus
1192 2157 1231 2220 de
1260 2157 1353 2234 Mila,
1384 2157 1559 2222 Heinricus
1584 2157 1618 2220 de

315 2246 526 2330 Sumeringen
547 2247 698 2329 magister
718 2247 854 2309 forensis
875 2247 909 2308 in
930 2245 1088 2320 Wizense,
1110 2245 1357 2310 Nenzemannus
1379 2246 1506 2326 milites,
1526 2247 1619 2312 Hein-

315 2338 401 2402 ricus
422 2337 524 2410 Halo,
544 2336 715 2400 Bertoldus
737 2335 840 2399 Calws
862 2335 900 2398 de
923 2335 1054 2414 Gebeae,
1082 2336 1290 2400 Eckehardus
1313 2336 1352 2400 de
1374 2335 1514 2414 Gebese,
1543 2337 1618 2402 Her-

314 2426 434 2490 bordus
456 2427 495 2490 de
510 2425 792 2500 Hantshusleiben,
812 2424 1059 2507 Hartungus-de
1072 2424 1237 2491 Stusforde
1261 2427 1367 2490 etalii
1389 2446 1485 2507 quam
1508 2427 1618 2510 plures.

314 2517 352 2580 In
373 2516 469 2580 huius
491 2517 584 2580 etiam
607 2517 653 2580 rei
672 2516 857 2578 firmitatem
878 2519 910 2578 et
930 2514 1155 2580 certitudinem
1177 2516 1364 2600 ampliorem
1385 2522 1417 2580 et
1437 2517 1619 2581 memoriam

314 2607 540 2690 sempiternam
566 2625 697 2688 presens
724 2606 973 2668 instrumentum
999 2606 1180 2668 conmuniri
1205 2606 1358 2670 iussimus
1385 2605 1489 2689 sigillo
1517 2611 1618 2670 nostro

388 3199 400 3227 ⁸
418 3203 477 3240 ewn
558 3176 635 3240 b''de
653 3185 781 3240 slatheim
800 3185 929 3256 ”dapiferi

436 3323 529 3387 Aam.
571 3323 633 3387 Die
660 3321 809 3387 Urlrunde
833 3321 933 3385 istiu
957 3321 1013 3384 dar
1032 3322 1138 3402 obium
1159 3323 1309 3404 Fossamp
1328 3325 1415 3388 nicht
1431 3326 1557 3407 perfeki
1574 3347 1620 3406 qe·

413 3411 545 3474 worden.
568 3409 1137 3490 Alterdinpstrdptsicdosdiepeldas
1148 3411 1357 3494 landprofca
1367 3415 1620 3496 undrwaryoaa

414 3501 485 3564 weit
508 3521 598 3578 amu,
629 3521 662 3564 so
688 3501 763 3562 dass
787 3501 869 3564 auch
895 3499 1023 3564 hiereos
1049 3501 1099 3564 die
1122 3501 1251 3564 Adsicht
1276 3503 1354 3566 noch
1381 3505 1499 3568 oedem
1526 3503 1623 3584 Sicyo]

414 3589 623 3671 aarohdnpea
637 3589 750 3666 mirelli,
771 3589 846 3654 doch
865 3591 905 3653 ist
920 3609 952 3653 es
972 3591 1056 3654 dara
1075 3591 1161 3654 nield
1179 3591 1363 3671 pemnrmen,
1380 3594 1439 3658 wic
1456 3595 1520 3658 sich
1544 3593 1623 3658 aad

414 3679 486 3742 hein
506 3681 643 3744 weitcrer
659 3679 923 3760 Siepeleiaschuitt
943 3680 1049 3759 findet.
1086 3681 1181 3744 Dara
1201 3681 1334 3745 beatem
1355 3683 1414 3746 wir
1434 3683 1502 3748 eina
1519 3684 1623 3750 swelle

414 3771 646 3852 Arasfertipunp
674 3791 740 3834 vom
769 3767 987 3834 4.N0v.12ee·
1013 3768 1090 3843 (Nr.
1102 3774 1195 3847 193),
1228 3771 1279 3834 die
1307 3793 1419 3836 ausam
1450 3775 1539 3838 meisi
1565 3793 1625 3836 ua·

415 3859 602 3922 erhcbtichan
618 3859 852 3938 Aerrrleroapea
876 3859 929 3922 des
950 3860 1150 3936 Ausdruclrs,
1172 3861 1227 3923 der
1249 3859 1458 3943 Zeopeareihe
1473 3863 1622 3944 aalydis

415 3950 532 4012 ciuem
566 3949 737 4012 mauman
767 3949 888 4012 hatte
913 3950 1033 4030 (Wiese
1059 3971 1118 4012 aon
1143 3954 1187 4015 12
1214 3951 1347 4032 Moryeu
1372 3957 1447 4018 aaa
1472 3957 1527 4031 15)
1557 3952 1622 4016 aad

414 4038 513 4102 durch
526 4037 894 4118 eiaipaBestirnmaaqen
911 4058 1005 4119 peperi
1016 4039 1106 4103 Jdude
1126 4039 1181 4102 der
1199 4039 1348 4105 Urlruade
1368 4062 1427 4106 voa
1447 4043 1501 4106 der
1522 4047 1622 4106 ersten

415 4128 647 4209 Ausfertipuaq
668 4129 732 4191 sich
752 4127 985 4193 arcterscbeidet.

849 4341 1095 4350 --.--—-—.-—-—-

315 2701 346 2759 et
362 2695 518 2760 nobilium
537 2702 569 2759 et
585 2695 841 2758 ministerialium
858 2693 1109 2777 subscriptorum
1127 2701 1160 2758 et
1180 2695 1303 2758 abbatis
1324 2695 1363 2760 de
1375 2695 1480 2774 Porta
1500 2696 1620 2760 comitis
1682 2699 1683 2740 l

314 2785 467 2849 Friderici
489 2786 528 2849 de
548 2785 749 2868 Bychlingen
773 2784 922 2859 senioris,
942 2783 1127 2848 Theoderici
1149 2785 1188 2848 de
1207 2785 1385 2870 Vigbeche,
1406 2784 1620 2855 lewinhoubt

314 2875 456 2939 Bertoldi
483 2875 663 2938 vicedomni
690 2875 729 2938 de
750 2873 890 2956 Apolde,
919 2872 1038 2938 Lutolfi
1060 2874 1099 2937 de
1122 2873 1336 2939 Stuternheim
1359 2880 1391 2938 et
1411 2874 1567 2940 Eberheri
1586 2875 1621 2938 de

314 2963 413 3028 Salza.
453 2965 535 3028 Acta
556 2971 632 3028 sunt
652 2964 711 3028 hec
732 2983 816 3027 anuo
837 2963 1065 3027 incarnationis
1086 2963 1245 3028 dominice
1266 2975 1386 3030 11000ο
1399 2974 1546 3044 ww,
1567 2975 1622 3029 111ο

314 3073 415 3117 nonas
434 3053 563 3138 Aprilis,
584 3053 758 3117 indictione
781 3073 872 3116 noua.
