3506 5148
316 389 368 446 462
684 389 913 476 Urlrundenbucb
933 390 982 448 deo
1000 393 1127 450 Klosters
1145 393 1248 450 Piorte.

317 541 440 619 habuit,
470 542 571 607 libere
601 545 780 626 resignavit.
822 543 890 608 Hec
918 551 949 608 et
976 545 1036 609 alia
1064 548 1173 610 onmia
1201 546 1282 610 bona
1310 566 1406 630 snpra
1427 546 1527 611 diotoe
1548 565 1614 610 oum

318 632 467 696 omnibus
489 635 556 696 suis
574 635 785 716 pertinenciis,
807 634 940 714 iuribus,
960 635 1233 700 iurisdictionibus
1255 641 1286 700 et
1305 635 1473 718 quibusvis
1490 636 1618 712 iudiciis,
1649 630 1652 638 ’

319 725 402 786 siout
422 723 461 786 ad
484 731 609 786 nostros
626 727 840 806 progenitores
857 733 887 788 ct
901 745 959 788 nos
975 726 1128 789 hactonus
1142 729 1374 809 pertinuerunt,
1395 727 1427 788 in
1447 727 1617 788 dominium

320 821 350 877 et
379 815 609 896 possessionem
638 816 850 896 predictorum
877 815 1096 898 religiosorum
1125 817 1347 880 transtulimus
1373 823 1404 880 et
1427 817 1618 898 presentibus

318 905 537 968 transierimus
567 905 659 988 pleno
687 906 774 984 iure,
813 925 907 988 super
943 907 1108 969 evictionis
1146 913 1276 990 'quoquo
1307 912 1337 970 et
1369 906 1617 987 guarandiarum

320 997 472 1058 counione
502 1016 559 1058 nos
579 996 778 1059 iusticialiter
803 995 986 1077 obligantes
1028 997 1090 1060 Pro
1112 996 1230 1079 quibus
1250 997 1400 1060 omnibus
1421 997 1619 1080 supradictis

319 1086 412 1149 iidem
441 1085 577 1168 religiosi
606 1106 663 1149 sex
694 1107 813 1149 marcas
835 1086 1057 1170 Vribergensis
1088 1088 1209 1170 argenti
1235 1087 1328 1150 nobis
1360 1087 1479 1152 utiliter
1509 1087 1620 1169 persol-

321 1183 436 1238 verunt
463 1181 493 1238 ot
522 1195 580 1238 nos
610 1177 677 1238 vice
704 1179 861 1259 reciproca
889 1177 1007 1239 eisdem
1039 1197 1096 1239 nos
1117 1179 1367 1240 constrinximus
1388 1177 1469 1240 velle
1490 1178 1620 1240 existere

319 1271 486 1348 perpetuos
508 1272 708 1349 promotores.
751 1267 787 1329 ln
812 1287 948 1349 quorum
972 1269 1114 1330 omnium
1139 1268 1269 1331 evidens
1290 1269 1522 1342 testimonium,
1551 1269 1622 1348 quia

320 1356 459 1436 sigillum
481 1358 642 1438 proprium
667 1376 728 1418 non
752 1357 922 1436 habemus,
948 1356 1089 1420 Heinrici
1118 1359 1267 1439 pincerne
1288 1359 1319 1419 in
1343 1357 1472 1420 Sales-ire
1492 1358 1541 1420 et¹
1560 1356 1621 1420 Fri-

321 1447 416 1508 derici
440 1451 470 1508 et
490 1446 610 1508 Nicolai
634 1446 672 1509 de
695 1445 893 1528 Balgestctbe
919 1449 1051 1510 fratrum
1074 1447 1186 1529 sigillis
1210 1447 1409 1527 presentibus
1431 1448 1479 1510 usi
1502 1466 1621 1510 sumus.

320 1535 360 1598 Et
390 1557 447 1599 nos
474 1536 646 1599 Heinrious
675 1539 824 1620 pincerna
853 1539 884 1599 in
912 1538 1040 1600 Salcclrc
1069 1543 1099 1600 et
1125 1557 1182 1600 nos
1210 1537 1387 1600 blidericus
1418 1543 1450 1600 et
1475 1535 1622 1600 Nicolaus

320 1625 431 1689 fratres
452 1628 581 1709 predicti
602 1628 640 1688 de
653 1626 829 1710 Balgesteto
853 1630 1109 1709 recognoscimus
1131 1628 1268 1710 predicta
1286 1626 1414 1708 singula
1429 1631 1460 1689 et
1475 1627 1622 1689 universa

321 1717 484 1778 veritatem
506 1736 561 1799 per
581 1717 687 1778 cornia
709 1719 877 1781 continere.
919 1717 957 1780 ln
980 1737 1116 1800 quorum
1138 1716 1358 1780 certitudinem
1381 1722 1411 1779 et
1427 1716 1621 1778 evidenciarn

321 1807 494 1888 pleniorem
526 1813 633 1868 nostra
663 1807 764 1889 sigilla
795 1809 910 1891 apponi
941 1810 1074 1871 lecimus
1110 1808 1184 1869 huic
1215 1808 1338 1888 scripto.
1389 1804 1507 1868 Datum
1540 1825 1622 1868 anno

322 1897 441 1958 domini
476 1906 673 1975 M⁰CCoXX,
713 1909 777 1962 Vlll
813 1899 964 1962 kalendas
997 1897 1079 1960 Maii.
1132 1896 1239 1960 Testes
1275 1903 1351 1960 sunt
1382 1894 1551 1958 Bertoldus
1584 1894 1623 1958 de

321 1985 486 2062 Luchovve,
508 1986 671 2050 Conradus
692 1987 838 2051 Gelfradi.

392 2123 448 2178 ²ct
466 2125 533 2191 fehlt
554 2123 578 2177 T
663 2115 822 2179 hvidelicet
839 2125 1013 2194 lviamtpestipt
1031 2124 1060 2178 D
1148 2125 1206 2178 cct
1229 2123 1338 2192 sohltT
1421 2111 1575 2176 ldokwicz
1594 2119 1623 2174 D

321 2203 538 2276 ⁰suprascripta
556 2204 585 2258 D
655 2193 711 2259 set
727 2205 795 2272 fehlt
811 2205 841 2260 D
1335 2213 1336 2217 ’

325 2467 438 2550 1320.
466 2469 716 2569 September
738 2471 795 2556 13.
823 2469 988 2550 Erfurt.
1526 2467 1625 2548 499.

405 2601 547 2667 Dichicb
563 2605 618 2667 der
627 2604 767 2685 Jdapere
774 2625 842 2685 peu,
854 2604 1021 2683 Rtvztfrop,
1037 2603 1229 2683 Burpuaotm
1240 2605 1276 2666 iu
1286 2601 1465 2678 flassteoea
1477 2603 1630 2683 verhouft

363 2694 419 2756 mii
448 2693 669 2775 chlioouunp
698 2716 756 2758 vaaran
780 2695 886 2770 Vater,
920 2694 1072 2756 Brtldero
1104 2694 1172 2756 aad
1204 2691 1350 2772 Ehesrou
1384 2695 1403 2755 5
1427 2691 1537 2773 Hersen
1568 2693 1629 2755 ruit

363 2789 403 2847 10
431 2785 554 2847 meliora
579 2783 721 2848 Aechcru
753 2787 822 2848 uod
851 2784 1093 2848 oor'schiedenem
1118 2783 1198 2846 Zias
1224 2784 1260 2845 lu
1291 2782 1480 2858 Dtdelebeh,
1513 2783 1565 2845 die
1592 2804 1630 2846 cr

356 2874 442 2936 arebat
463 2875 531 2936 dem
551 2874 765 2938 uritbelehotcu
787 2874 915 2937 Bertold
935 2872 1104 2953 Wuslefeld
1131 2874 1199 2935 dou
1231 2873 1356 2953 Grofeo
1377 2871 1545 2934 Hermmtu
1566 2892 1631 2935 voro

360 2964 517 3040 Gleiohcu,
540 2965 626 3028 beato.
648 2966 709 3027 derv
730 2964 851 3028 sotim
866 2963 951 3028 ιῙιιπδ·
972 2982 1030 3025 ooo
1043 2962 1226 3027 Harbslchcu
1248 2962 1448 3044 ouspelossen
1468 2962 1533 3040 hot,
1556 2963 1631 3026 dara

358 3053 484 3116 Kloster
509 3054 616 3135 Pf'ovh
636 3056 692 3136 fiir
716 3057 757 3116 84
780 3053 888 3117 Morh.
939 3053 1003 3134 Vol.
1027 3052 1086 3118 Nr.
1102 3057 1177 3119 500.

468 3180 603 3234 uorem„-
627 3171 732 3235 T168l'.
761 3171 855 3234 D71b
875 3181 1042 3248 (tiavmre)
1061 3182 1111 3235 ruit
1128 3181 1303 3250 Krhrzunpen.

470 3273 584 3326 Druck:
603 3273 737 3326 Deutach:
759 3273 843 3338 Wolff
857 3273 898 3338 ΙΙ,
917 3277 977 3327 393.

399 3394 557 3458 Omnibus
585 3393 700 3458 Christi
726 3394 889 3472 fidelibus,
917 3394 955 3457 ad
985 3415 1065 3476 quos
1091 3413 1221 3478 presens
1253 3397 1404 3477 scripturn
1437 3397 1632 3480 pervenerit.

315 3484 385 3566 Ego
414 3483 623 3548 Theodericus
657 3487 764 3547 iunior
794 3485 897 3548 dictus
919 3483 1110 3564 Ryntbfraz¹
1141 3485 1297 3566 opidanus
1325 3487 1359 3547 in,
1390 3483 1633 3564 Hastesleyben

318 3573 574 3656 hloguntiuensis
600 3575 745 3654 dyocesis
777 3580 887 3638 notum
917 3593 986 3638 esse
1013 3576 1106 3656 cupio
1137 3580 1168 3636 et
1196 3573 1395 3655 presentibus
1425 3593 1634 3656 recognosco,

318 3665 402 3746 quod
431 3664 469 3727 de
496 3664 576 3727 bona
604 3665 765 3728 voluntate
791 3671 821 3727 et
849 3684 1007 3728 consensu
1033 3665 1129 3746 patris
1156 3665 1234 3739 mei,
1263 3665 1394 3727 fratrum
1423 3683 1566 3728 meorum
1592 3683 1634 3726 ac

269 3783 271 3786 ·
319 3754 462 3816 omnium
492 3755 681 3818 coheredum
710 3774 853 3817 meorum
881 3754 1009 3816 domino
1040 3753 1145 3816 abbati
1176 3758 1207 3815 et
1237 3755 1408 3817 conventui
1441 3753 1633 3816 monasterii

318 3843 350 3904 in
374 3842 467 3905 Porta
489 3843 716 3924 Cysterciensis
738 3844 865 3920 ordinis,
886 3842 914 3906 N
919 3842 1141 3924 amburgensis
1163 3843 1303 3918 diocesis,
1324 3842 1409 3905 iusto
1427 3842 1636 3905 vendicionis

319 3931 410 3994 titulo
438 3931 565 3994 vendidi
598 3933 740 4015 quinque
774 3953 901 3995 mansos
930 3953 1003 3995 cum
1036 3939 1119 3994 corto
1150 3951 1298 4014 agrorum
1331 3951 1464 3994 numero
1495 3951 1637 4014 propor-

318 4025 478 4086 cionatosb
508 4031 539 4086 et
569 4023 711 4085 funiculo
743 4023 980 4086 distribucionis
1011 4023 1185 4085 secundum
1219 4041 1421 4085 communem
1453 4029 1638 4084 cousuetu-

319 4113 423 4175 dinem
452 4119 534 4176 terrc
564 4133 636 4175 cum
671 4112 776 4174 decem
810 4114 893 4194 agris
926 4111 1198 4188 excrescentibus,
1234 4131 1305 4174 cum
1344 4111 1454 4191 protis,
1490 4112 1640 4191 pascuis

319 4203 445 4274 salictis,
467 4202 624 4276 salicibus
643 4203 729 4274 rivis,
750 4204 851 4284 aqrris,
872 4222 1028 4284 aquarum
1045 4201 1240 4277 decursibus,
1261 4200 1433 4282 paludibus
1446 4207 1477 4264 el
1493 4201 1642 4262 carectis

317 4299 348 4354 et
380 4293 490 4374 viginti
526 4298 556 4354 et
586 4312 687 4355 unum
721 4291 838 4356 solidos
860 4291 1098 4354 Erlordensium
1127 4291 1328 4354 denariorum
1358 4295 1408 4352 et⁰
1440 4288 1641 4372 quindecim

318 4381 421 4466 pullos
443 4389 473 4444 et
495 4387 630 4463 quatuor
650 4401 748 4444 aucas
769 4383 867 4444 arinui
890 4401 1014 4460 census,
1037 4382 1093 4463 qui
1111 4381 1149 4443 de
1166 4380 1295 4444 dimidio
1314 4399 1424 4442 manso
1439 4385 1472 4443 et
1487 4383 1643 4460 quatuor

317 4473 415 4535 curiis
436 4471 584 4554 predictis
607 4470 697 4534 bonis
717 4473 852 4534 annexis
873 4473 967 4534 annis
988 4471 1123 4554 singulis
1140 4470 1220 4533 solvi
1241 4470 1363 4546 debent,
1385 4470 1479 4532 ouius
1500 4467 1645 4530 dimidii

319 4563 420 4626 mansi
454 4561 589 4624 mediam
614 4567 733 4645 partem
757 4561 901 4625 Andreas
928 4562 1032 4624 dictus
1052 4560 1212 4640 Riseoerl,
1239 4560 1394 4642 reliquam
1426 4578 1497 4622 vero
1518 4557 1646 4622 Cunc-
