3402 5152
309 392 361 448 870
679 389 909 446 Urlrundenbuch
928 390 976 446 des
995 391 1121 447 Klosters
1137 391 1241 446 Pforte.

458 541 593 596 Hdsear.:
608 542 638 596 D
650 532 704 596 57¹³
724 545 775 611 (aa.
788 541 987 611 Bemendorf).
1018 542 1091 598 res.

458 635 585 690 briam·
601 635 713 703 Borrae,
733 636 984 707 Herrnpossarstadt
1001 641 1044 691 26.
1082 637 1219 692 Deutacb:
1243 634 1329 704 Wolff
1342 635 1385 703 Π,
1404 639 1465 690 305.

386 749 453 816 Nos
471 749 638 829 Rudolfus,
657 749 838 830 Heinricus,
859 751 1050 830 Gerhardus,
1071 751 1279 816 Hermannus
1299 751 1411 814 fratres
1428 749 1597 814 marschalci

307 844 382 909 dicti
413 842 451 906 de
481 840 615 906 Trebere
652 845 910 924 recognoscimus
940 850 970 906 et
999 843 1157 906 universis
1188 841 1305 904 Christi
1335 839 1483 903 fidelibus
1512 839 1599 902 lucide

306 939 530 1019 protestamur,
559 931 644 1015 quod
673 951 822 996 mansum
852 939 884 996 et
905 933 1074 998 dimidium
1095 933 1191 995 situm
1215 934 1350 1014 inpage
1373 931 1446 993 ville
1469 929 1600 993 Benneu-

306 1025 388 1102 dorl,
415 1023 589 1086 solventem
612 1023 706 1084 aunis
729 1024 865 1106 singulis
886 1042 1024 1088 marcam
1047 1024 1168 1106 argenti
1189 1029 1220 1084 et
1241 1022 1417 1101 dimidiam,
1447 1029 1535 1084 cutas
1553 1021 1599 1082 lini

284 1125 358 1195 pix,
382 1120 445 1177 tres
466 1129 643 1194 sexagenas
664 1131 808 1188 ovorum,
829 1131 868 1175 ex
892 1113 1010 1196 quibus
1031 1131 1178 1176 mansum
1202 1131 1219 1173 a
1240 1111 1333 1174 nobis
1356 1112 1390 1174 in
1407 1109 1499 1172 feodo
1513 1111 1601 1174 tenuit

308 1195 571 1268 Osanna'relicta
581 1200 739 1284 lamperti
763 1201 949 1284 de'l'rebere,
969 1203 1129 1284 reliquum
1151 1200 1321 1263 dimidium
1336 1219 1487 1263 mausum
1497 1199 1602 1262 Heins-

308 1303 464 1359 mannus·
492 1293 531 1355 de
552 1289 776 1372 Wikerstethe,
807 1291 934 1356 domino
959 1291 1148 1356 Theoderico
1180 1291 1285 1354 abbati
1318 1298 1349 1354 et
1377 1292 1547 1354 conventui
1573 1290 1601 1349 in

307 1386 420 1450 Portab
447 1385 505 1446 rite
532 1401 568 1446 ac
595 1381 823 1446 rationabiliter
843 1384 1045 1447 vendidimus
1075 1403 1131 1468 pro
1156 1391 1198 1446 XI
1219 1383 1336 1444 marcis
1356 1381 1478 1444 fertone
1499 1383 1603 1448 nrinus

306 1476 440 1556 eandem
467 1491 625 1536 summanr
654 1493 711 1556 pro
739 1474 809 1536 aliis
839 1473 929 1537 bonis
955 1476 1024 1538 sitis
1053 1475 1086 1536 in
1114 1471 1338 1536 Frankenrode
1368 1490 1425 1554 pro
1457 1471 1548 1532 uobis
1576 1471 1604 1530 in

307 1567 421 1630 melius
443 1568 689 1644 commutantes
709 1564 878 1627 accedente
898 1583 1057 1628 consensu
1080 1562 1244 1626 Herliudis
1267 1563 1376 1625 rixeris
1398 1564 1476 1639 mei,
1496 1562 1605 1624 scilicet

307 1653 700 1736 Rauola-heredumque
730 1673 874 1717 meorum
905 1655 1067 1732 Heinrici,
1104 1653 1243 1732 Ottonis,
1273 1651 1414 1724 Rndolfi,
1444 1652 1607 1735 Hcdwigis

307 1745 494 1825 Gerdrudis,
524 1742 722 1821 Adelbeidis,
758 1743 936 1824 Herlindis,
973 1744 1140 1809 accedente
1176 1743 1294 1806 nichilo
1322 1744 1431 1806 minus
1456 1761 1605 1806 consensu

307 1837 486 1922 patruelum
517 1840 695 1896 nostrorum
718 1833 756 1897 da
777 1833 991 1915 Holtzhusen,
1023 1833 1180 1914 Heinrici,
1207 1833 1399 1907 Hermanni,
1427 1833 1607 1906 Theoderici,

309 1947 345 1990 ao
373 1925 552 2009 patroclum
584 1928 766 1986 nostrorum
787 1922 943 2004 Heinrici,
972 1923 1139 2003 Gerbardi,
1164 1923 1346 1986 Theoderici
1367 1918 1406 1985 de
1428 1923 1608 1998 Gezerstete,

309 2019 364 2100 qui
391 2018 485 2080 etiam
513 2033 608 2097 super
637 2012 696 2076 boc
721 2033 780 2076 sua
806 2016 1017 2078 instrumenta
1044 2033 1117 2076 cum
1139 2015 1343 2096 expressione
1364 2031 1422 2076 sus
1443 2013 1607 2077 voluntatis

308 2107 472 2172 dederunt.
524 2103 676 2167 Omnium
707 2105 804 2186 igitur
831 2107 1074 2188 prescriptorum
1102 2123 1160 2168 uos
1185 2104 1339 2168 babentes
1365 2124 1558 2168 consensum
1583 2109 1609 2164 et

310 2199 494 2260 unanimem
517 2194 713 2258 voluntatem
735 2195 910 2277 predictum
931 2215 1080 2258 mansum
1102 2201 1132 2258 et
1153 2195 1322 2258 dimidium
1343 2215 1416 2258 cum
1437 2197 1526 2259 omni
1547 2198 1608 2258 iure

307 2295 339 2351 et
360 2287 511 2366 dominio,
532 2285 719 2368 proprietate
739 2303 776 2347 ac
797 2286 987 2350 utilitatibus
1007 2286 1159 2350 omnibus
1179 2287 1243 2349 iam
1265 2287 1299 2349 iu
1320 2288 1366 2349 eis
1390 2287 1609 2369 apparentibus

311 2380 359 2442 vel
381 2375 617 2460 quomodolibet
637 2375 671 2436 iu
693 2375 838 2438 loturum
858 2378 1072 2454 immemoris,
1092 2396 1166 2440 cum
1188 2377 1275 2438 omni
1297 2377 1390 2438 etiam
1411 2376 1529 2438 indicio
1551 2383 1606 2438 tam

306 2471 341 2532 in
363 2487 473 2550 campo
496 2483 593 2549 quam
614 2466 647 2526 in
670 2464 764 2543 silva,
791 2485 866 2528 cum
887 2466 957 2530 aliis
978 2468 1046 2530 suis
1066 2467 1278 2550 pertinentiis,
1303 2465 1500 2529 effundentes
1523 2483 1610 2528 omne

308 2562 369 2638 ius,
390 2557 475 2641 quod
497 2556 530 2618 in
553 2557 598 2618 eis
620 2555 772 2617 hactenus
794 2556 975 2636 habuimus,
996 2559 1028 2619 in
1042 2555 1226 2620 Portensem
1250 2555 1413 2619 ecclesiam
1438 2555 1530 2618 titulo
1546 2575 1609 2638 pro

307 2649 448 2732 prietatis
470 2652 620 2730 perpetuo
641 2646 879 2728 possidendum,
900 2649 939 2709 ad
960 2648 1154 2710 warandiam
1176 2645 1387 2730 predictorum
1405 2645 1611 2716 venditorum,

307 2758 382 2803 cum
410 2737 508 2800 huius
536 2736 620 2798 modi
651 2735 795 2799 vendicio
824 2741 888 2800 tani
915 2738 1202 2802 rationabiliter-et
1228 2737 1347 2800 utiliter
1373 2739 1415 2798 sit
1440 2755 1496 2819 pro
1525 2736 1610 2798 nobis

307 2835 440 2914 peracta,
461 2827 639 2890 secuudum
658 2832 741 2889 terre
755 2827 1020 2890 consuetudinem
1034 2829 1198 2910 antiquam
1218 2845 1276 2889 nos
1294 2846 1367 2889 cnm
1384 2825 1491 2889 liberis
1502 2825 1612 2889 nostris

307 2921 442 2988 fideliter
471 2917 673 3000 obligamus'
709 2917 757 2979 Ne
787 2918 886 3000 igitur
924 2918 1021 2980 huius
1052 2917 1156 2980 nrodi⁰
1188 2922 1369 2980 contractus
1404 2937 1423 2978 a
1453 2933 1609 3000 quoquam

308 3005 475 3074 bominum
505 3011 539 3072 iu
568 3012 729 3091 posterum
761 3009 889 3070 sinistra
918 3009 1176 3091 interpretatione
1205 3009 1387 3086 infestatur,
1423 3005 1479 3090 p'er
1511 3025 1612 3090 quam,

308 3101 392 3183 quod
424 3099 522 3179 absit,
552 3097 707 3162 hostiliter
735 3097 898 3160 Portensis
929 3099 1061 3162 ecclesia
1091 3100 1189 3181 possit
1220 3099 1398 3180 aggravari,
1437 3103 1609 3181 presentem

307 3193 457 3274 pagiuam
488 3189 526 3251 de
553 3188 615 3250 hiis
641 3189 852 3271 conscriptam
874 3190 991 3252 nostris
1012 3188 1207 3272 sigillisque‘l
1234 3188 1413 3252 roboratam
1435 3207 1509 3271 sepe
1536 3188 1612 3250 dicte

308 3279 598 3342 ecclesiePortensi
619 3277 773 3340 duximus
794 3279 1025 3360 porrigendam.
1067 3279 1133 3343 Nos
1154 3297 1283 3362 quoque
1297 3277 1480 3341 Gerbardus
1497 3277 1613 3341 etHer-

308 3389 459 3448 mannua,
482 3370 559 3452 quia
579 3369 714 3451 propriis
737 3367 849 3449 sigillis
870 3387 1033 3448 caremus,
1061 3369 1121 3433 sub
1144 3369 1256 3452 sigillis
1278 3369 1411 3431 fratrum
1435 3375 1611 3432 nostrorum

308 3467 449 3523 nostram
486 3460 703 3542 expressimus
738 3459 943 3524 voluntatem,
1001 3458 1119 3523 Datum
1157 3465 1188 3523 et
1222 3463 1328 3522 actum
1372 3477 1458 3522 anno
1497 3457 1613 3521 domini

308 3559 446 3618 ntccffl
458 3559 544 3628 11110,
571 3549 644 3612 idus
665 3547 838 3612 Februarii.
878 3547 985 3612 Testes
1015 3569 1089 3612 vero
1117 3554 1193 3613 sunt
1221 3547 1430 3612 Elslrehardus
1458 3548 1496 3611 de
1521 3547 1613 3610 Solae

307 3642 407 3720 miles,
436 3639 608 3703 Heinricus
629 3644 660 3702 et
680 3637 887 3702 Hermannus
906 3639 945 3702 de
966 3639 1171 3722 Ebersberg0,
1197 3639 1364 3703 Gelfradus
1389 3638 1561 3702 advocatus
1584 3639 1612 3698 iu

307 3731 573 3812 Eklrehartsberg,
601 3730 755 3809 Achilles,
780 3729 960 3793 Fridericus
987 3729 1077 3793 Colre
1103 3729 1265 3793 castellani
1295 3731 1328 3792 in
1359 3727 1612 3808 lllrehtartsbarg]

307 3822 414 3885 etalii
435 3841 531 3903 quam
552 3819 658 3902 plures
679 3819 741 3882 fide
763 3819 859 3900 digni.

377 3944 576 3998 “hermannus
596 3944 626 3997 D
669 3943 722 4012 Vyl.
743 3942 865 3998 Nassa.
973 3933 1033 3996 bin
1053 3943 1139 3998 Porta
1156 3944 1224 4011 sebit
1242 3945 1271 3998 D
1377 3944 1483 3999 ‘modi
1502 3943 1570 4012 stau
1586 3941 1614 3994 D

307 4016 479 4078 dVicllciclrt
498 4041 607 4094 quoque
627 4027 705 4091 (atatt
724 4025 790 4093 que)
808 4023 839 4076 D
909 4023 1128 4094 eEclrersberge
1150 4025 1175 4076 Τ
1214 4024 1269 4092 Vpl.
1290 4023 1413 4080 Nassa

837 4204 1086 4212 ———-.-----

308 4233 427 4316 1304.
454 4234 649 4316 Februar
664 4234 724 4314 13.
1526 4233 1614 4314 387.

388 4378 557 4454 Heinrich,
590 4379 738 4442 Ger-tara
765 4379 834 4442 aad
860 4378 1002 4443 Dictrr'clr
1032 4379 1228 4442 Morsclrc'itle
1247 4401 1308 4443 oron
1332 4379 1523 4444 cassamus
1551 4399 1614 4440 oer-

348 4469 468 4550 buosen
492 4474 555 4550 4¹t2
569 4469 681 4550 [lusca
701 4489 743 4534 aa
755 4471 929 4551 Benndorf
942 4472 1029 4533 nebat
1045 4472 1101 4534 der
1114 4471 1376 4534 Gericbtsbcrlceit
1390 4472 1448 4552 fiir
1461 4473 1502 4532 45
1513 4469 1615 4532 Mart·

349 4581 394 4622 aa
414 4561 474 4622 das
496 4560 624 4624 Kloster
645 4560 761 4642 Ptbrte.
815 4560 879 4642 th.
902 4559 961 4625 Nr.
977 4565 1051 4624 384.
1064 4565 1140 4626 385.
1238 4613 1241 4618 .
