3506 5148
589 415 638 472 Nr.
649 418 796 473 sea-558.
817 413 998 474 1336-1339.
1398 419 1446 475 511

145 569 251 634 sitioni
280 567 513 632 reservabimus
538 574 569 632 et
595 568 716 632 nullius
744 570 875 634 monitis
902 589 1011 654 parere
1040 571 1188 635 volumus
1215 574 1248 634 in
1277 571 1337 634 hoc
1364 590 1449 647 casu,

148 659 208 723 nisi
235 658 273 722 da
299 657 447 722 mandato
472 665 579 722 nostro
605 659 705 722 vocali
727 679 783 723 seu
805 659 932 724 litterali
953 661 1099 743 procedat
1120 661 1218 724 libero
1239 665 1271 725 et
1291 679 1448 744 expresso.

145 751 260 812 Actum
290 749 323 812 in
352 747 448 813 Porta
472 768 556 812 anno
584 749 703 812 domini
730 759 868 816 M⁰OOC⁰
890 751 1047 814 tricesimo
1075 756 1179 829 sexto,
1206 752 1284 814 feria
1305 761 1359 815 ΠΡ
1380 756 1450 833 post

144 839 334 902 dominicam
361 838 454 904 Oculi
482 888 488 900 .
510 889 516 902 .
543 839 743 922 presentibus
765 859 868 924 nsque
889 840 927 903 ad
947 841 1178 904 revocationem
1198 845 1338 904 nostram
1360 846 1449 903 noto-1

142 931 223 992 riam
245 931 278 992 in
300 950 358 993 suo
379 929 490 993 robore
509 929 641 994 firmiter
661 929 828 994 duraturis.

214 1046 225 1073 ²
243 1044 375 1101 noticiam
395 1045 497 1102 scinne
512 1047 682 1122 ampclacscn
700 1063 734 1100 en
751 1045 816 1102 ann.
858 1045 913 1117 Vpl.
934 1045 985 1101 Nr.
996 1049 1056 1102 413.

143 1234 254 1317 1337.
1362 1237 1448 1321 557.

225 1369 287 1434 Die
313 1369 443 1434 Bra’tdcr
468 1367 596 1450 Rndotf
616 1369 686 1432 aad
712 1368 865 1433 Heinrich
893 1369 1050 1435 masten
1078 1393 1120 1436 en
1141 1370 1311 1454 Dmnbnrp
1338 1376 1449 1455 npncn
1487 1447 1488 1450 Ἴ

183 1463 251 1543 anf
266 1459 377 1524 Bittcn
395 1460 451 1523 des
470 1459 684 1522 verstorbcncn
706 1459 860 1523 Heinrich
882 1481 942 1524 von
965 1461 1128 1526 btcndnite
1148 1464 1217 1526 cine
1237 1483 1297 1526 von
1319 1463 1381 1526 ibm
1402 1465 1449 1527 be

182 1572 315 1629 sesscnc,
342 1551 415 1615 aber
442 1551 659 1634 onfgclosscnc
685 1549 774 1631 anc
801 1553 837 1614 in
864 1551 933 1614 dcm
960 1553 1061 1634 Dorfe
1081 1553 1198 1618 Kolbcl
1224 1554 1292 1617 dem
1323 1554 1449 1618 Klostcr

185 1643 294 1724 Pfortc
312 1661 385 1706 anm
405 1642 521 1705 Bestcn
541 1641 641 1705 sanes
660 1640 934 1706 Kronlccnbanscs
953 1663 1002 1708 nn.

292 1769 430 1824 Hdsctnt.¹
447 1769 478 1823 D
488 1773 525 1824 87
543 1769 595 1838 (nt.
608 1768 718 1836 Extra).

293 1863 405 1918 Druck:
423 1862 559 1918 Dentacb:
582 1863 667 1930 Wolff
680 1862 723 1930 Π,
742 1865 800 1918 439.
847 1861 899 1932 Vqr.
918 1880 941 1918 n.
957 1863 1110 1932 deapling
1131 1863 1285 1920 Gcacbt'cbtc
1302 1864 1329 1919 d.
1343 1865 1447 1922 Gcscbl.
1533 1903 1536 1910 ·

339 1961 362 1998 v.
375 1943 519 2014 Titmpting
536 1943 561 2011 Ι,
578 1946 622 1998 28.

225 2068 291 2132 Nos
316 2067 473 2132 Rudolfus
500 2073 531 2130 et
557 2067 751 2150 H[einricus]
777 2069 890 2133 fratres
917 2069 1068 2152 pincerne
1087 2069 1121 2130 in
1142 2065 1311 2132 Dornbork
1338 2076 1369 2134 et
1395 2072 1449 2134 do-

142 2161 223 2222 mini
246 2158 364 2221 ibidem
391 2158 647 2240 recognoscimus
673 2163 780 2222 tenore
802 2160 1015 2241 presencium,
1042 2158 1128 2240 quod
1150 2157 1189 2221 ad
1210 2177 1317 2241 preces
1338 2158 1449 2240 H[ein-

143 2248 210 2330 rici]
233 2248 308 2312 dicti
327 2249 366 2312 de
377 2247 515 2326 Studien,
536 2249 592 2331 qui
613 2248 713 2324 nobis,
735 2249 813 2312 dum
836 2249 940 2312 adbuc
962 2250 1089 2324 viveret,
1110 2249 1143 2310 in
1163 2251 1314 2313 extremis
1327 2252 1448 2332 positus

142 2339 343 2422 supplicarit,
374 2340 410 2402 'ut
441 2348 625 2401 Imansum
654 2340 751 2402 situm
780 2339 813 2400 in
841 2339 961 2421 campis
992 2337 1066 2400 ville
1097 2338 1179 2401 dicte
1207 2336 1323 2418 Kolba‚
1352 2359 1448 2422 quem

143 2448 231 2492 nunc
260 2429 334 2491 coiit
361 2427 519 2492 Iohannes
546 2427 651 2492 dictus
677 2425 820 2492 Kaehere
849 2427 1004 2511 opidanus
1032 2428 1066 2490 in
1087 2427 1241 2511 Segelicz‚
1273 2428 1450 2493 solventem

141 2539 251 2582 annuo
273 2537 373 2582 censu
393 2524 458 2581 tres
478 2517 616 2582 fertones
638 2517 852 2600 Fribergensis
873 2520 1003 2600 argenti,
1025 2518 1225 2601 appropriare
1245 2518 1449 2602 dignaremur

142 2610 335 2672 monasterio
355 2607 499 2671 Portensi
528 2609 567 2672 ad
598 2608 751 2692 hospitale
778 2608 996 2686 infirmorum,
1025 2627 1119 2690 quem
1152 2607 1283 2672 anobis
1304 2611 1338 2672 in
1359 2609 1448 2673 feodo

140 2700 259 2776 tenuit,
287 2699 343 2762 sed
367 2699 406 2762 ad
434 2715 550 2762 manus
576 2706 699 2762 nostras
723 2697 821 2762 libere
842 2699 1022 2780 resignavit
1063 2697 1164 2761 Cuius
1185 2700 1290 2762 mansi
1310 2700 1448 2782 proprie-

142 2795 191 2852 tas
212 2789 252 2852 ad
275 2808 332 2852 nos
353 2797 383 2853 et
404 2799 528 2855 nostros
549 2791 764 2873 progenitores
783 2791 936 2853 hactenus
957 2786 1141 2870 pertinebat.
1183 2788 1250 2853 Nos
1276 2808 1350 2852 vero
1381 2809 1449 2872 pre-

140 2879 236 2943 cibus
261 2881 362 2962 ipsius
389 2879 533 2946 Heinrici
554 2881 593 2944 de
612 2879 741 2944 Studien
772 2880 855 2944 bone
880 2879 1032 2943 memoria
1064 2878 1209 2943 inclinati
1240 2885 1271 2944 et
1301 2881 1448 2964 precipue

140 2971 288 3033 omnium
317 2975 498 3034 nostrornm
527 2971 765 3054 progenitorum
789 2971 824 3032 in
852 2969 1029 3032 remedium
1049 2967 1185 3032 eundem
1210 2989 1358 3034 mansum
1380 2989 1448 3054 pre-

139 3063 225 3124 dicte
255 3060 386 3124 ecclesie
416 3067 448 3124 et
477 3062 669 3125 monasterio
700 3059 846 3125 Portonsi
881 3059 1154 3143 appropriavimus
1186 3066 1216 3123 et
1249 3060 1448 3143 presentibus

138 3152 397 3234 appropiamus,
427 3170 521 3215 omne
551 3170 678 3234 quoque
708 3152 760 3214 ius
790 3150 1002 3235 proprietatis
1032 3149 1116 3231 quod
1143 3149 1184 3212 ad
1214 3169 1273 3213 nos
1301 3151 1334 3212 in
1365 3150 1448 3214 dicto

138 3260 256 3304 manso
282 3239 449 3304 videbatur
476 3241 645 3326 pertinere,
671 3240 711 3304 ad
737 3240 950 3324 sepedictum
973 3240 1201 3304 monasterium
1224 3239 1401 3305 voluntarie
1419 3247 1450 3304 et

137 3331 242 3394 libare
279 3331 509 3395 transferentes
560 3329 598 3394 In
634 3331 727 3394 cuius
763 3331 1031 3414 appropriacionis
1066 3330 1284 3394 testimoninm
1319 3351 1449 3415 presens

137 3422 297 3504 scriptum
325 3421 482 3484 conscribi
502 3421 637 3486 fecimus
656 3427 837 3484 nostrorum
860 3422 1038 3484 munimine
1060 3420 1235 3502 sigillorum
1258 3420 1447 3485 roboretum.

137 3514 239 3576 Anno
260 3511 381 3574 domini
402 3521 655 3577 dcccxxxvii.
696 3511 802 3575 Testes
828 3511 925 3574 huius
946 3515 1022 3574 sunt
1043 3511 1188 3574 strennui
1209 3511 1269 3573 viri
1290 3509 1449 3576 Iohannes

136 3604 180 3666 de
202 3601 365 3682 Butenicn
384 3603 490 3687 Apecz
512 3602 552 3666 de
572 3601 707 3682 Gebese,
726 3601 898 3665 Heinricus
919 3599 1036 3681 Sohaff,
1058 3603 1162 3683 Apeoz
1184 3600 1344 3680 Stebonm,
1367 3601 1448 3666 Con-

133 3693 241 3757 radus
262 3697 293 3754 et
312 3691 477 3756 Echardus
498 3693 572 3756 dicti
593 3693 632 3756 de
647 3691 844 3756 Gossirstede
864 3697 896 3756 et
915 3690 1026 3755 'Phene
1048 3691 1087 3754 de
1100 3691 1262 3774 Tumplicz
1284 3691 1447 3756 castellani

133 3787 175 3847 in
197 3781 349 3845 Kanborlr
370 3788 402 3846 et
422 3783 528 3865 plures
549 3781 603 3846 alii
624 3783 686 3846 fide
705 3783 801 3866 digni.

216 3899 224 3928 ¹
243 3897 328 3954 Nictt
345 3899 549 3954 mirm'cternen
567 3917 602 3952 an
619 3899 781 3964 tantumn,
799 3897 866 3952 doch
879 3898 975 3952 waben
986 3898 1079 3952 altena
1091 3897 1138 3952 dor
1152 3898 1215 3953 Ure.
1229 3897 1449 3953 oortommmdcn

133 3979 278 4034 Persem
294 3981 353 4046 ons
365 3979 408 4033 dic
427 3979 536 4048 Gepncd
553 3995 604 4034 aon
622 3979 755 4047 &meaa
772 3978 831 4032 aad
848 3977 996 4047 Dombnrp
1014 3978 1071 4033 bin.

130 4189 258 4274 1339.
284 4189 523 4273 December
536 4189 575 4273 b.
1355 4191 1448 4274 558.

222 4327 284 4392 Dic
312 4326 442 4391 Briidcr
471 4325 623 4404 Konrad,
653 4326 820 4390 Hermann
845 4327 915 4390 nnd
948 4327 1054 4393 Ube’cb
1079 4326 1191 4392 Wnnn
1217 4327 1450 4410 Bnrgmanncn

176 4437 222 4482 en
244 4415 433 4481 noscerent
464 4417 638 4498 anbonfcn
667 4418 736 4481 dem
758 4416 885 4480 Kloster
907 4417 1016 4498 Pfortc
1035 4419 1111 4481 ewee'
1128 4419 1240 4482 Viertel
1259 4419 1313 4482 des
1334 4416 1451 4499 Dorfcs

179 4507 457 4586 Sacbserdtanscn,
491 4509 542 4572 die
568 4509 614 4572 sie
638 4529 697 4574 oon
725 4507 895 4572 dernsclbcn
921 4526 963 4571 an
984 4508 1090 4572 chcn
1117 4508 1227 4589 pcbabt
1253 4508 1368 4584 baben,
1393 4509 1451 4590 fair

182 4601 229 4663 90
252 4598 350 4663 Marte
370 4602 464 4664 nnter
481 4599 643 4665 Vorbclaalt
665 4601 718 4664 des
735 4598 924 4682 Raiclctanfs
943 4601 1010 4682 anf
1025 4599 1165 4665 Matre
1207 4599 1271 4681 Vn.
1285 4598 1340 4665 Nr.
1357 4601 1429 4664 536.
