3402 5152
600 421 650 477 Nr.
661 423 809 478 tte-444.
830 425 905 484 1312.
1350 425 1404 482 tls

107 577 283 634 remersus
306 575 370 630 uae
392 575 435 629 ee
452 559 517 646 ru,
539 574 635 642 nene
653 576 728 628 eren
747 575 824 644 nepe
841 577 879 630 em
898 577 988 631 seen
1004 593 1055 632 em
1074 577 1167 646 efen
1182 578 1326 646 pernen,
1356 577 1404 631 ee

99 659 230 712 mererer
246 657 330 712 dieses
342 657 431 710 Tbeils
450 673 500 710 ron
518 657 548 710 D
568 657 627 724 (rpl.
645 657 764 710 Vorwort
784 655 852 710 XII
858 659 891 724 f.)
909 659 959 712 leot
978 657 1031 711 den
1050 658 1100 711 Ort
1116 659 1191 712 nieht
1207 659 1327 726 pekctnnt
1345 658 1404 710 rond

99 741 152 794 siclt
169 739 298 793 nielleicltt
314 737 402 791 unct
420 737 472 790 den
490 736 600 792 Nomen
618 736 664 790 des
683 737 844 792 Ausstellers
862 737 909 792 der
934 737 1064 792 Urtnnde
1080 739 1225 803 oerfdbrea
1243 738 1331 791 lassen
1354 737 1404 790 ibn

98 819 233 888 mopliolret
256 818 327 872 ente
350 817 398 871 der·
417 816 525 886 espen
542 834 593 870 uon
610 816 811 886 Sebetdunpen,
830 817 892 872 dlv.
910 819 942 871 in
958 818 1006 872 cler
1026 818 1133 887 Gspend
1156 835 1208 872 oon
1232 817 1406 884 Heobendors

97 917 129 952 nr
146 898 254 952 susten.

623 981 816 990 ---—.-.....
827 983 875 989 ..—

98 1101 206 1185 1312.
232 1098 406 1182 turrae.
439 1098 725 1197 uterssennn,
753 1098 939 1181 senisse.
1128 1036 1130 1040 ’
1305 1101 1402 1183 444.

175 1236 339 1300 Friedrich
376 1235 550 1317 Lundpras
571 1255 630 1299 oon
658 1234 841 1314 dlrilrinpen
872 1237 1014 1316 bestritipt
1043 1237 1111 1298 dem
1141 1235 1269 1300 Ktoster
1298 1235 1405 1318 berte
1431 1253 1433 1256 ’

135 1327 196 1392 ulle
217 1326 418 1407 Priuilepien,
441 1325 668 1407 Solvenltunpen
690 1327 760 1389 und
780 1326 1011 1408 Zneipnunpen
1030 1327 1131 1390 seitres
1149 1324 1267 1390 Valere.

248 1454 382 1508 Hdeoln·.:
407 1453 452 1508 Or.
462 1453 537 1522 Peru.
564 1453 610 1522 Sp.
628 1473 667 1507 on
684 1457 779 1510 rothen
796 1455 855 1508 und
873 1456 982 1509 weissen
998 1453 1121 1508 reidenert
1139 1453 1244 1508 Fdden.
1281 1453 1405 1508 Dresden

293 1533 382 1590 ner.
395 1534 428 1586 A.
444 1533 497 1587 nr.
510 1537 587 1588 ress.
608 1565 641 1572 -
661 1535 740 1593 nse.
762 1535 852 1592 raes.
891 1535 1021 1604 marene,
1038 1534 1086 1587 ee
1109 1532 1405 1600 ornamentorum
1523 1511 1529 1526 ”

301 1613 410 1668 Worten
440 1612 578 1668 Cristiene
606 1613 746 1685 religionis
772 1615 947 1684 abpebroelren
968 1616 1017 1668 mit
1043 1619 1094 1670 eto.
1123 1619 1156 1666 ut
1182 1630 1267 1684 supra
1292 1612 1404 1684 precise,

299 1695 406 1764 Zetspen
422 1695 481 1748 med
501 1694 606 1748 Dolum
624 1695 695 1748 neele
716 1695 806 1749 11134
824 1697 876 1762 (tit.
888 1696 1086 1766 Prerogativo).

246 1789 358 1842 omer.-
376 1787 510 1842 nanee:
533 1789 617 1855 Wolff
629 1789 671 1854 rr,
690 1789 769 1842 ers.l

180 1911 193 1992 ll
216 1911 254 1973 In
275 1911 405 1973 nomine
427 1910 555 1974 domini.
587 1911 699 1974 Amen.
723 1911 736 1990 ll
781 1911 1037 1975 NosFriderious
1055 1912 1104 1974 dei
1121 1909 1405 1993 gratiaThuringie

92 2003 304 2085 lantgravius,
326 1999 510 2081 Mysnensis
533 2005 564 2062 et
585 1999 754 2064 Orientalis
776 2003 914 2064 marchio
933 2002 1134 2084 domnusque
1157 2008 1237 2064 terro
1259 2000 1405 2064 Plisnen-

92 2095 139 2155 sis
168 2091 318 2155 omnibus
344 2092 403 2154 hoo
431 2091 583 2173 seriptum
614 2093 729 2154 visuris
756 2093 790 2154 in
821 2098 1019 2174 perpetuum.
1061 2090 1215 2154 Oristiane
1245 2091 1406 2173 religionis

92 2184 240 2245 hortatur
261 2181 385 2244 devotio
406 2187 436 2244 et
457 2181 581 2262 pietatis
604 2182 772 2263 persuadet
793 2184 883 2260 ratio,
905 2185 953 2246 set
973 2187 1004 2245 et
1025 2182 1104 2244 iuris
1125 2182 1224 2264 exigit
1244 2181 1405 2259 districtio,

92 2281 130 2335 ut
153 2290 221 2351 nos,
242 2272 297 2354 qui
317 2276 446 2333 euotore
467 2270 524 2332 deo
546 2275 669 2333 terrene
689 2273 852 2354 potestatis
873 2272 993 2353 apicem
1015 2275 1169 2348 tenemus,
1191 2275 1311 2353 quanto
1333 2271 1405 2352 plus

89 2363 208 2426 ceteris
228 2361 340 2444 prelati
361 2381 484 2438 sumus,
506 2364 592 2422 tanto
615 2363 715 2444 magis
738 2381 902 2424 servorum
924 2361 974 2424 dei
990 2360 1178 2424 utilitatibus
1198 2360 1405 2431 consulemus

88 2460 123 2516 et
152 2451 373 2534 temporalium
403 2451 633 2534 stipendiorum
657 2451 809 2514 subsidiis
837 2451 1035 2533 providentia
1063 2450 1253 2531 vigilantiori
1276 2457 1308 2513 et
1327 2471 1404 2514 oure

89 2543 292 2628 propensiori
319 2542 545 2618 inserviemus
572 2547 620 2620 ut,
649 2542 725 2604 dum
755 2561 866 2605 eorum
891 2543 959 2625 peoi
986 2545 1016 2604 et
1043 2541 1286 2623 contemplative
1306 2543 1404 2624 quieti

87 2638 242 2698 eooorute
268 2633 479 2710 intendimus,
508 2650 566 2694 nos
592 2651 720 2716 quoque
748 2633 891 2714 ipsorum
923 2631 1039 2694 laboris
1069 2637 1099 2694 et
1131 2631 1405 2713 contemplationis

87 2724 179 2808 apud
203 2724 369 2786 dominum
392 2724 558 2806 participes
579 2724 791 2786 inveniamur.
834 2723 987 2786 Noverint
1008 2723 1105 2804 igitur
1126 2724 1268 2786 universi
1290 2722 1404 2786 Christi

86 2814 204 2879 fideles
228 2823 292 2876 tam
315 2814 430 2895 posteri
452 2832 547 2895 quam
568 2819 738 2895 presentes,
761 2815 843 2898 quod
860 2831 970 2876 omnes
984 2812 1165 2876 libertatum
1179 2813 1406 2892 eoncessiones,

86 2923 207 2970 omnes
234 2903 391 2967 bonorum
418 2904 604 2967 donationes
634 2905 702 2966 sive
725 2905 1003 2987 appropriationes
1032 2902 1226 2985 ubicumque
1256 2903 1407 2982 locorum,

86 3017 176 3081 quos
198 2995 274 3076 (sio)
303 3000 391 3077 peter
423 3001 531 3055 noster
563 2994 631 3056 suis
664 2993 860 3076 temporibus
890 2993 1035 3056 Portensi
1067 2993 1197 3055 ecclesie
1228 2993 1339 3056 fecisse
1369 3013 1405 3055 oo

83 3090 162 3151 suis
192 3085 356 3148 roborasse
380 3085 602 3147 instrumentis
629 3084 816 3162 dinoscitur,
842 3103 901 3146 nos
927 3083 1128 3167 approbando
1156 3083 1349 3146 ratificamus
1375 3089 1407 3146 et

80 3185 200 3262 grates
231 3175 385 3238 habemus
416 3179 461 3251 et,
491 3175 574 3237 siout
604 3177 672 3256 ipse
702 3175 786 3238 fideli
818 3175 985 3238 devotione
1015 3175 1185 3252 consessit,
1216 3173 1345 3236 donavit
1376 3179 1407 3236 et

80 3267 316 3352 appropriavit,
336 3266 381 3327 ita
402 3270 432 3327 et
453 3283 512 3326 nos
532 3265 752 3342 coneedimrm,
773 3265 930 3328 donemus
952 3270 982 3327 et
1003 3264 1242 3346 oppropriumus
1264 3263 1406 3326 volentes

80 3363 200 3441 ipsum
222 3355 375 3419 Portense
396 3353 574 3435 cenobium,
596 3355 681 3438 quod
700 3354 826 3437 speciali
849 3354 1014 3417 devotione
1037 3371 1161 3434 semper
1181 3352 1354 3430 soluimuS,
1375 3359 1406 3415 et

76 3451 207 3512 fratres
237 3446 317 3508 inibi
346 3446 549 3524 constitutos,
579 3465 659 3526 quos
686 3445 838 3526 singulari
866 3445 966 3526 gratie.
996 3449 1026 3506 et
1049 3443 1156 3504 lavore
1175 3443 1405 3524 prosequimur,

75 3555 245 3602 concesse
271 3535 332 3599 sibi
363 3535 505 3598 libertate
531 3534 669 3616 gaudere
697 3545 727 3597 et
755 3535 867 3598 oolleta
895 3536 962 3598 sive
991 3534 1188 3617 appropriata
1215 3533 1344 3615 pacifice
1374 3538 1405 3596 et

73 3629 202 3714 quiete
223 3633 374 3709 perpetuo
398 3625 565 3707 possidere.
607 3625 644 3688 In
665 3627 758 3689 ouius
785 3627 831 3689 rei
854 3627 1042 3688 evidentium
1067 3629 1244 3706 presentem
1267 3623 1404 3685 litteram

71 3718 191 3801 sigilli
214 3718 312 3780 nostri
334 3717 526 3798 appensione
547 3717 701 3778 iussimus
723 3716 871 3778 roborari.
913 3715 1020 3778 Testes
1047 3716 1144 3776 huius
1169 3716 1214 3776 rei
1242 3721 1318 3776 sunt
1339 3733 1405 3776 me-

68 3813 193 3895 gister
215 3805 396 3870 Waltherus
426 3805 608 3888 capellanus
636 3813 665 3868 et
698 3808 872 3897 canonieus
900 3807 932 3868 in
956 3804 1150 3886 Nuenburg,
1182 3803 1342 3866 Heurious
1366 3803 1405 3866 de

69 3903 260 3972 Arnstete,
280 3895 469 3960 Ludewious
490 3894 528 3958 de
549 3894 689 3976 Potnitz,
718 3895 925 3959 Hermennus
946 3894 1095 3957 Goldalrir
1117 3895 1231 3957 milites
1253 3895 1352 3955 nostri
1375 3899 1406 3955 et

65 3991 136 4054 alii
169 3986 279 4070 plures
298 3985 361 4049 fide
383 3986 478 4068 digni.
522 3984 641 4048 Datum
669 4005 753 4048 euno
784 3986 903 4048 domiui
926 3994 1148 4063 M⁰CCC⁰XH,
1176 3986 1210 4046 in
1239 3983 1289 4046 die
1316 3982 1405 4046 beate

68 4079 196 4144 Mario
217 4075 411 4157 Magdaleno,
431 4077 464 4138 in
487 4081 588 4138 oestro
611 4076 804 4140 Winenuels.

162 4213 175 4242 ¹
197 4211 288 4265 Einen
307 4210 557 4278 Urlrundennusrup
575 4213 615 4264 bei
637 4211 748 4264 Pertnoll
760 4212 784 4276 l,
795 4215 830 4264 59
847 4210 906 4262 und
925 4211 1178 4264 Bertnelr-Solurnrel
1189 4210 1214 4274 Ι,
1225 4213 1261 4262 39
1279 4210 1328 4261 mit
1345 4209 1404 4262 dem

61 4300 202 4352 Datum
221 4290 357 4360 Leiptzig,
375 4307 449 4344 anno
469 4291 537 4344 1312
555 4292 634 4358 fittrt
652 4291 773 4344 &tentet
792 4294 839 4343 mit
858 4291 905 4344 der
920 4291 1105 4357 Rerrvertnnp:
1123 4289 1187 4343 Nou
1208 4289 1319 4358 Lipsiae
1336 4289 1405 4342 haee

58 4383 145 4432 acta
172 4377 251 4438 sunt,
272 4371 319 4424 sed
339 4369 433 4440 potius
452 4369 480 4422 in
500 4376 592 4424 castro
604 4369 769 4436 Wizenvels,
787 4369 859 4424 dieb.
879 4370 986 4424 Marino
1004 4369 1185 4440 Megdelenae
1205 4373 1262 4438 anf
1274 4369 1317 4423 die
1334 4371 1406 4436 obdis

62 4451 228 4513 (stramine
253 4453 370 4517 renitet,
392 4451 488 4518 jedoelr
514 4452 564 4505 rad
595 4451 724 4516 Uoreclvt5
748 4469 775 4504 es
793 4453 855 4520 lieret
873 4453 944 4518 ilua,
972 4451 1021 4506 wie
1037 4468 1064 4506 es
1081 4451 1198 4516 solicitet,
1223 4452 1280 4504 ente
1297 4450 1403 4516 undere,

59 4551 167 4593 rrerm
192 4533 263 4587 amb
282 4549 331 4586 uon
347 4532 471 4600 pleioltent
489 4531 607 4597 Inbnlte,
625 4549 660 4584 eu
680 4532 800 4585 thude.
