3402 5152
597 411 804 474 urna-na.
825 414 899 472 raon
1219 401 1223 417 '
1350 413 1400 474 aaa

95 565 243 646 legittime
266 564 390 641 factam,
417 583 490 629 cum
514 565 606 628 nobis
624 567 722 631 libere
743 571 869 630 vacaret
888 567 972 633 idem
996 588 1138 648 mausus,
1159 588 1234 632 enm
1256 568 1402 634 Portensi

95 657 222 718 ecclesie
247 661 278 720 et
306 653 457 722 fratribus
483 656 562 720 inibi
592 659 650 722 dec
678 657 923 736 famulantibus,
951 677 1032 741 quos
1054 659 1207 742 singulari
1231 661 1402 725 devocione

95 747 337 829 amplectimur,
366 767 421 831 pro
448 748 549 811 salute
580 753 686 812 anime
715 754 821 812 nostre
846 750 877 811 in
909 750 1070 831 proprium
1093 749 1239 813 dedimus
1261 752 1402 815 volentes

95 837 243 920 prefatam
265 837 452 904 Portensem
482 839 645 903 ecclesiam
674 840 762 902 hunc
795 857 943 902 mausum
966 839 1163 922 proprietatis
1184 840 1348 924 privilegio
1369 843 1401 904 in

95 935 278 1012 perpetuum
297 930 467 1012 possidere.
510 929 546 992 Iu
570 932 663 994 cuius
685 935 791 993 nostre
812 929 997 994 donacionis
1013 930 1208 994 evidenciam
1224 937 1401 1014 presentem

93 1021 239 1102 paginam
270 1026 378 1082 nostro
410 1019 513 1102 sigillo
547 1020 682 1084 fecimus
709 1021 909 1084 communiri.
959 1019 1075 1084 Datum
1100 1020 1290 1084 Wissinvels
1317 1041 1401 1085 anno

94 1109 213 1174 domini
233 1119 507 1190 Moeel'11‚.XVl
528 1111 680 1174 kalendas
703 1111 831 1195 Aprilis.
882 1110 989 1174 Testes
1017 1116 1093 1174 sunt
1124 1110 1276 1174 Albertus
1304 1110 1402 1192 Knut,

94 1200 250 1264 lohannes
271 1200 309 1264 de
331 1200 462 1264 Gelnow
484 1201 614 1275 milites,
642 1199 845 1282 Frlidericus]
876 1201 1049 1263 advocatus
1075 1207 1182 1264 noster
1203 1201 1236 1262 in
1259 1199 1401 1267 Wissen-

95 1291 172 1368 uals,
194 1290 366 1376 Heinricus
388 1291 482 1355 Soilre
503 1293 582 1354 civis
602 1291 720 1356 ibidem
743 1297 773 1354 et
794 1292 847 1354 alii
868 1291 984 1374 plures,

163 1407 170 1436 ¹
191 1407 244 1460 Dic
260 1407 389 1462 Urlrundc
407 1407 485 1475 titiant
503 1409 533 1460 in
551 1408 580 1462 D
598 1408 642 1462 die
657 1408 847 1474 Uebersclrrilt:
868 1405 911 1460 De
930 1423 1027 1461 manso
1047 1408 1074 1462 in
1093 1405 1212 1475 choinel
1229 1407 1379 1462 infirmarie
1398 1407 1402 1480 Ι

93 1489 257 1552 sarmaria,
275 1505 381 1542 accrum
395 1488 481 1555 Wolff
495 1487 624 1543 inferiore
642 1489 729 1542 marie
747 1489 856 1555 mactat).
895 1488 936 1541 Es
962 1487 1031 1540 wind
1055 1487 1179 1540 dudnrcla
1203 1487 1247 1541 die
1265 1489 1343 1556 ane
1359 1489 1402 1542 cla
1448 1544 1453 1552 ,

92 1568 150 1622 dem
168 1569 362 1623 Sr'cclrcnlmnac
379 1568 425 1623 dea
444 1568 567 1623 chstcrs
582 1569 690 1639 gelidi-ip
707 1569 859 1633 bezeichnen
880 1585 971 1622 wouon
988 1568 1135 1636 nllerdinqs
1153 1569 1183 1620 in
1202 1569 1249 1621 der
1273 1568 1403 1624 crumina

91 1651 168 1704 scibat
186 1651 274 1705 arichis
292 1651 414 1704 awdhnt
432 1651 474 1704 iat.

622 1761 872 1770 -u-—n-n--n--q-

93 1808 205 1890 1307.
236 1809 368 1890 liuil.
1310 1807 1401 1889 422.

173 1944 327 2008 Heinrich
351 1946 444 2028 Graf
458 1966 516 2009 oon
538 1945 744 2028 Bciclrlinpen
765 1945 931 2021 detondet,
964 1946 1039 2008 dues
1067 1966 1100 2008 er
1135 1948 1199 2026 4¹52
1221 1943 1333 2028 Hnsen
1366 1945 1401 2008 in

135 2035 299 2116 Tarcpwita
317 2037 388 2100 dean
411 2034 537 2101 Kloster
559 2037 668 2118 Pscrtc
685 2037 852 2118 iibcrpcbcn
873 2037 957 2100 labe.

245 2150 380 2210 liciniani
401 2156 478 2210 Tra.
504 2155 533 2208 D
546 2145 617 2209 116b
636 2156 689 2222 (tit.
705 2155 847 2220 Dokwicz)
866 2156 916 2208 mit
934 2153 1110 2224 Katrannpen.

244 2248 357 2302 Druck:
378 2249 513 2303 umacu-
544 2249 627 2315 Wolff
643 2248 685 2314 II,
704 2251 764 2302 326.
807 2247 862 2316 Vpl.
882 2249 1006 2316 Lepaiica,
1027 2245 1212 2312 Ktmurll,
1232 2249 1290 2299 155.

175 2353 243 2418 Nos
271 2353 444 2418 Heinricus
472 2354 520 2418 dei
549 2356 655 2437 gracia
680 2373 786 2417 comes
814 2354 852 2418 de
878 2354 1064 2437 Bichlingen
1095 2354 1353 2436 recognoscimus
1374 2358 1405 2416 et

86 2451 203 2508 tenore
224 2445 423 2526 presencium
446 2444 570 2528 publice
592 2449 828 2529 protestamur⁸,
850 2446 933 2528 quod
956 2467 1014 2510 nos
1036 2446 1073 2508 de
1092 2465 1170 2528 puro
1189 2444 1271 2508 bone
1291 2444 1403 2506 volun-

86 2537 167 2598 tatis
189 2535 312 2614 affectu,
333 2534 500 2599 accedente
518 2537 635 2599 nichilo
657 2536 766 2598 minus
787 2537 899 2598 uxoris
921 2541 1026 2600 nostre
1045 2542 1075 2599 et
1090 2537 1235 2598 emnium
1251 2535 1403 2599 heredum

86 2631 275 2688 nostrorum
298 2623 492 2708 beneplacito
514 2632 545 2690 et
566 2646 734 2702 consensu,
755 2627 794 2688 ad
814 2627 966 2690 honorem
983 2627 1078 2690 Ihesu
1091 2626 1206 2690 Christi
1221 2633 1251 2690 et
1267 2626 1404 2709 gloriose

84 2715 229 2797 virginis
253 2716 415 2799 genitricis
442 2718 529 2780 eiusb
556 2715 656 2780 llarie
683 2722 819 2799 quatuor
850 2737 979 2781 mansos
1011 2723 1041 2781 et
1069 2717 1236 2780 dimidium
1266 2718 1297 2778 in
1329 2716 1404 2779 villa

84 2805 274 2888 Dogkwitz‚
303 2825 384 2889 quos
411 2805 619 2870 Hermannus
650 2811 681 2870 et
702 2805 873 2871 Heinricus
901 2809 1012 2872 fratres
1042 2808 1117 2870 dicti
1144 2807 1183 2871 de
1204 2806 1404 2888 Ebersberglr

82 2895 224 2959 anobis
250 2897 284 2959 in
313 2895 408 2960 feudo
441 2897 729 2975 habundantiam
760 2900 858 2962 areis⁰
890 2899 939 2963 vel
966 2899 1036 2962 aliis
1064 2917 1174 2962 eorum
1201 2898 1405 2980 pertinenciis

84 2985 343 3072 quibuscunque
370 2986 484 3050 damus
512 2993 543 3050 et
567 2987 760 3052 conferimus
787 2989 918 3052 ecclesie
936 2989 1081 3052 Portensi
1102 2992 1133 3051 et
1154 2987 1304 3051 fratribus
1324 2986 1403 3050 inibi

81 3079 275 3141 constitutis
297 3097 370 3141 cum
393 3079 479 3142 omni
502 3078 580 3156 inre,
601 3077 685 3161 quod
702 3097 761 3140 nos
777 3080 811 3140 iu
829 3081 906 3160 ipsis
922 3081 1043 3142 mansis
1054 3078 1234 3156 habuimus,
1253 3082 1403 3161 perpetuo

80 3167 311 3251 possidendos.
364 3167 414 3230 Ad
441 3173 580 3230 eternam
613 3169 706 3248 ergol
736 3168 834 3231 huius
866 3175 971 3232 nostre
1002 3169 1185 3232 donacionis
1219 3169 1403 3230 memoriam

79 3263 272 3342 presentem
297 3259 534 3339 protestacionis
555 3259 700 3340 paginam
725 3258 820 3341 sigilli
841 3261 939 3321 nostri
961 3260 1155 3342 appensione
1167 3258 1299 3321 fecimus
1319 3277 1404 3320 com-

79 3349 223 3412 muniri.
265 3347 372 3410 Huius
400 3349 444 3410 rei
472 3353 568 3412 testes
594 3353 670 3410 sunt
695 3345 902 3412 Hermannus
929 3349 967 3412 de
986 3348 1198 3432 Raspenberg
1227 3347 1404 3412 Richardus

75 3443 304 3520 cognomento
326 3437 425 3500 (3333θ
446 3442 477 3500 et
498 3437 669 3500 Heinricus
697 3438 793 3501 frater
820 3440 904 3515 eiuS,
932 3437 1139 3502 Hennannus
1160 3438 1199 3500 de
1220 3437 1347 3501 Oollcde
1373 3443 1405 3501 et

75 3528 267 3593 Heinricus
287 3527 384 3590 frater
403 3529 473 3590 eius
495 3528 610 3591 milites
631 3533 662 3590 et
682 3528 844 3590 castellani
866 3531 965 3591 nostri
987 3530 1020 3592 in
1033 3528 1248 3611 Bychelingen
1265 3533 1402 3610 atquem

71 3622 202 3705 plures
226 3618 279 3681 alii
300 3617 362 3682 fide
382 3617 494 3700 dignis.
527 3615 644 3680 Datum
664 3638 747 3681 anno
765 3619 886 3682 domini
908 3628 1126 3696 ll⁰cCC⁰le‚
1146 3618 1296 3682 kalendas
1318 3617 1402 3680 llaii.

161 3757 175 3784 ¹
195 3755 357 3826 profitemur
373 3755 403 3810 D
492 3745 665 3824 '’genitricis
682 3755 741 3810 eius
760 3755 875 3826 virginis
894 3756 925 3809 D
1013 3755 1106 3810 ⁰ariis
1127 3755 1153 3808 T
1240 3745 1358 3825 ligitur
1375 3755 1405 3808 D

68 3841 82 3866 θ
105 3835 246 3894 GeceD
318 3827 372 3892 fet
391 3835 438 3890 alii
457 3835 552 3906 plures
572 3837 602 3890 D

617 3953 868 3962 ———-----

70 3987 210 4075 raon.
236 3986 406 4068 sarria.
1058 3961 1060 3968 '
1311 3985 1403 4066 433.

170 4122 330 4188 Heinrich
353 4123 445 4204 Graf
460 4143 518 4186 vora
544 4121 737 4186 Orlamiindc
758 4122 925 4198 belnindct,
958 4122 1033 4185 cass
1052 4143 1086 4184 cr
1106 4123 1190 4185 scine
1212 4123 1406 4203 Lclrnspiitcr

118 4221 163 4281 in
199 4214 350 4294 Lissdorf
365 4215 434 4276 dan
455 4212 518 4276 Aba
538 4233 597 4276 ocra
617 4211 768 4295 Hersfcld
787 4211 988 4294 anf'pclasscn
1017 4213 1087 4274 nied
1105 4213 1156 4274 dic
1175 4233 1234 4276 con
1255 4213 1406 4276 lciatcrcm

110 4303 258 4384 laicrfiir
285 4303 535 4384 einpctcnsclricn
567 4302 781 4382 Bcsitannpen
809 4305 863 4366 des
892 4301 1031 4366 Klosters
1061 4302 1168 4383 Ptortc
1193 4304 1229 4366 in
1250 4303 1404 4368 clausurn

110 4417 166 4463 zu
198 4393 302 4458 Lclren
321 4413 500 4472 pcncmnccn
521 4393 605 4457 liuba.
657 4393 721 4474 Vpl.
743 4392 802 4456 Nr.
816 4397 893 4458 395.

247 4511 380 4566 Hdaclir:
399 4511 429 4565 D
438 4515 472 4567 59
490 4513 542 4579 (tit.
555 4509 760 4583 Lizingestorf).
793 4512 818 4564 Τ
828 4501 905 4566 1281).

245 4605 355 4660 Dnack:
373 4605 509 4661 Denucn:
533 4604 619 4674 Wolff
633 4604 674 4670 II,
693 4607 754 4660 327,
797 4603 854 4674 Vpl.
872 4622 895 4659 o.
908 4604 1085 4659 Reitzenstein
1104 4601 1180 4661 123³.
