3506 5148
659 389 709 448 Νι.
720 391 800 448 505-
808 389 867 447 506.
887 386 1070 447 real-1322.
1465 383 1517 444 469

212 553 243 612 et
257 543 506 610 deRabenswalt
522 549 553 609 et
568 546 701 608 aliorum
720 541 1028 627 quorumlibet(stc),
1043 561 1179 625 quorum
1196 543 1353 622 intererat,
1366 563 1431 606 una
1441 561 1515 606 cum
1584 597 1586 600 .

212 637 429 700 iurisdictione
459 635 546 700 totali
578 654 614 698 ac
645 635 738 700 etiam
766 633 933 716 sanguinis
961 633 1116 696 sententia
1142 632 1239 698 libere
1269 638 1345 696 sunt
1376 633 1516 699 deducte.

212 726 268 790 lus
295 731 479 810 patronatus
509 745 636 809 quoque
657 727 689 787 in
717 724 893 806 aliquibus,
922 722 1066 785 videlicet
1085 723 1118 784 in
1144 721 1343 805 Lizigestort,
1364 725 1396 786 in
1421 723 1517 809 Popal

212 823 244 880 et
266 819 300 878 in
321 815 530 897 Rugebusen,
561 821 596 878 ut
621 815 700 878 iuris
727 820 787 892 est,
816 821 908 897 prout
937 818 967 877 et
993 831 1140 895 expresse
1166 814 1199 874 in
1227 812 1318 876 dictis
1345 814 1518 899 privilegiis

212 907 400 986 continetur,
421 906 459 970 ad
482 905 636 989 predictos
657 907 828 968 monachos
849 923 921 966 cum
942 901 1168 966 communitate
1184 904 1337 966 transivit
1370 903 1519 968 Vidimus

215 997 332 1059 nichilo
355 999 461 1059 urinus
483 999 566 1059 iuter
586 996 647 1058 alia
669 995 868 1078 privilegium
891 993 1050 1077 quondam
1072 991 1205 1055 illustris
1223 994 1375 1077 principis
1399 995 1518 1058 domini

212 1087 336 1150 Alberti
358 1087 525 1170 lantgravii
545 1085 733 1167 Thuringie,
762 1085 795 1146 in
825 1102 888 1166 quo
916 1083 1040 1166 publice
1062 1081 1225 1166 profitetur
1246 1102 1279 1146 se
1300 1103 1359 1146 nec
1380 1085 1517 1168 aliquem

213 1177 468 1260 predecessorum
497 1196 628 1240 suorum
657 1179 803 1259 pretextu
833 1175 926 1238 castri
954 1172 1191 1256 Eckeharsbcrg
1219 1176 1430 1257 prenominati
1463 1197 1518 1240 seu

213 1269 328 1350 quovis
356 1267 416 1330 alio
446 1286 613 1350 nunquam
642 1268 693 1330 ius
720 1263 857 1348 aliquale
877 1263 928 1327 vel
950 1263 1198 1328 iurisdictionem
1221 1265 1300 1327 iuris
1321 1266 1370 1328 vel
1392 1267 1463 1330 facti
1487 1269 1518 1330 in

213 1358 305 1420 dictis
338 1357 421 1420 villis
452 1363 483 1420 et
511 1354 603 1419 benis
635 1355 870 1440 quomodolibet
897 1353 1046 1418 habuisse
1074 1373 1133 1417 nec
1162 1373 1236 1418 suos
1264 1374 1461 1420 successores
1487 1359 1517 1420 in

212 1453 375 1531 posterum
396 1445 568 1510 babituros.
600 1445 746 1510 Preterea
768 1445 907 1508 vidimus
925 1451 957 1508 et
976 1445 1152 1508 examinari
1166 1445 1300 1509 fecimus
1318 1447 1520 1530 privilegium

213 1537 345 1600 illustris
374 1538 523 1619 principis
552 1536 673 1600 domiui
702 1533 872 1616 Frlidericil
900 1535 1103 1616 marchionis,
1133 1536 1165 1597 in
1193 1555 1256 1618 quo
1282 1556 1393 1601 omnes
1425 1539 1521 1602 dona-

212 1627 325 1704 tiones,
346 1625 615 1701 confirmationes,
635 1625 817 1689 collationes
838 1645 896 1688 seu
915 1627 1032 1708 gratias
1056 1625 1305 1708 qualescumque
1326 1635 1519 1711 perpetrem

213 1736 310 1780 suum
333 1716 421 1778 beate
442 1718 593 1778 memorie
616 1716 713 1778 lactas
734 1721 817 1778 ratas
838 1721 868 1778 et
886 1722 992 1798 gratas
1015 1715 1114 1792 babet,
1142 1715 1275 1779 ratificat
1295 1725 1325 1781 et
1346 1718 1520 1784 confirmat.

215 1806 295 1870 Cum
325 1807 421 1888 igitur
443 1825 539 1888 grave
565 1813 595 1869 et
621 1807 833 1889 periculosum
865 1807 905 1868 sit
929 1806 1092 1890 privilegia
1114 1825 1169 1889 per
1188 1813 1343 1871 terrarum
1365 1811 1469 1891 spacia
1491 1817 1521 1872 et
1607 1821 1608 1824 ’

216 1897 400 1959 discrimina
429 1897 597 1979 deportari,
629 1896 774 1959 dedimus
802 1894 858 1956 bas
886 1894 1005 1956 litteras
1034 1893 1130 1956 robur
1151 1901 1181 1958 et
1202 1900 1341 1958 tenorem
1365 1898 1519 1962 dictorum

215 1987 452 2070 privilegiorum
485 1987 657 2050 summarie
683 1986 880 2049 continentes
909 1983 968 2046 sub
997 1983 1109 2047 robora
1135 1985 1230 2066 sigilli
1259 1989 1357 2050 nostri
1386 2008 1422 2052 cc
1454 2008 1522 2072 pre-

214 2078 335 2141 fecture
361 2083 390 2140 et
418 2079 504 2160 pacis
530 2083 611 2140 terre
632 2075 804 2158 Thuringie
825 2081 856 2137 et
876 2074 994 2137 nichilo
1017 2075 1125 2138 miuus
1146 2078 1330 2140 auctoritate
1351 2077 1432 2142 dicte
1454 2099 1522 2161 pre·

211 2169 334 2230 tecture
361 2169 469 2230 omnia
491 2167 638 2250 predicta
668 2166 805 2248 presenti
837 2167 917 2228 serie
950 2163 1184 2231 confirmamus,
1237 2165 1388 2230 Veientes
1426 2171 1523 2250 igitur·

212 2258 341 2320 eosdem
360 2257 531 2320 monachos
553 2259 635 2320 sicut
656 2265 687 2320 et
708 2264 840 2333 ceteros,
861 2257 960 2318 immo
984 2256 1067 2338 plus,
1094 2258 1176 2320 sicut
1197 2263 1227 2320 et
1247 2259 1410 2338 coudecet,
1437 2262 1522 2343 pacis

212 2349 318 2410 iuratc
337 2347 565 2430 tranquillitate
586 2347 739 2429 gaudere,
767 2347 932 2409 universos
954 2355 984 2410 et
1006 2347 1163 2428 singulos,
1189 2350 1421 2433 cuiuscumque
1448 2371 1522 2414 coo·

213 2436 344 2499 ditionis
365 2438 511 2517 existant,
532 2436 682 2500 officiales
699 2456 754 2499 seu
773 2436 948 2516 advocatos,
966 2456 1169 2520 quocumque
1183 2441 1312 2504 nomine
1326 2449 1523 2520 censeantur,

213 2531 323 2588 nostre
343 2528 520 2589 auctoritati
536 2525 694 2589 subiectos
712 2526 886 2589 districtius
903 2532 934 2588 et
951 2533 1107 2608 quantum
1123 2547 1294 2611 possumus
1311 2530 1523 2612 probibemus

211 2635 258 2678 ne
282 2633 355 2698 sepe
381 2617 480 2680 dictos
511 2618 680 2680 monachos
710 2619 741 2679 in
771 2615 862 2679 dictis
890 2617 973 2678 villis
1006 2621 1037 2680 et
1067 2617 1159 2680 bouis
1189 2637 1246 2680 seu
1277 2618 1354 2681 alias
1386 2620 1523 2683 audeaut

214 2704 453 2788 quomodolibet
478 2707 658 2787 molestare,
689 2706 807 2786 tallias,
835 2707 1015 2770 exactiones
1048 2706 1097 2770 vel
1126 2709 1312 2788 gravamina
1341 2710 1521 2792 inponendo

83 2791 89 2798 ’
211 2814 275 2858 nee
296 2794 333 2858 ad
362 2798 496 2860 concilia
513 2798 563 2860 vel
582 2796 763 2880 plebiscitab
781 2816 890 2861 eorum
912 2817 1065 2879 pauperes
1087 2799 1255 2860 evocando.
1296 2798 1403 2862 Testes
1427 2801 1522 2864 huius

212 2889 430 2950 annotationis
457 2895 488 2950 et
514 2888 761 2950 confirmationis
788 2895 864 2950 sunt
891 2885 1056 2950 Conradus
1084 2888 1122 2950 de
1149 2887 1279 2970 Olstete,
1301 2887 1463 2954 Henricus
1485 2892 1523 2954 de

212 2977 475 3057 Brandensteyu,
504 2975 652 3040 Eilherus
681 2977 719 3040 de
746 2976 897 3056 Tonbeyn
927 2976 1058 3056 milites,
1083 2976 1243 3042 Henricus
1269 2978 1308 3041 de
1336 2979 1523 3063 Meldingen,

213 3067 384 3131 Conradus
406 3066 550 3131 decuria
571 3067 675 3130 etalii
696 3067 757 3130 lide
778 3068 876 3149 digni.
908 3065 1026 3129 Datum
1041 3087 1124 3131 auno
1138 3067 1258 3131 domini
1279 3078 1494 3134 ll0oee⁰xxi
1502 3085 1523 3150 ⁰,

210 3167 304 3222 νΠΙο
326 3156 476 3220 kalendas
496 3159 644 3240 Augusti.

287 3271 298 3300 ¹
316 3272 461 3328 Reustorll'
476 3273 498 3325 Τ
566 3263 742 3342 bplebiscita
761 3271 803 3326 rel
821 3272 939 3326 concilia
961 3272 1035 3326 (Μ

212 3460 328 3543 1322.
360 3459 486 3560 April
501 3460 558 3541 17.
1428 3465 1522 3549 obt.

298 3595 470 3659 Burclrard
490 3593 583 3676 (III.)
607 3595 793 3678 Erababclaof
814 3617 874 3659 cca
905 3596 1103 3678 Mapdeburp
1133 3601 1269 3679 gewdbrt
1300 3603 1368 3664 dero
1397 3603 1524 3666 Klosr‘er

261 3683 368 3768 Pferte
386 3687 443 3767 litr
462 3687 589 3766 parasse
611 3685 829 3767 Gepenstdade
848 3686 1123 3768 Abgabenfreibeit
1144 3691 1179 3753 in
1201 3689 1303 3756 Helle.

367 3813 500 3868 Hdaclara
518 3813 609 3868 D133
628 3814 679 3881 (tit.
695 3813 739 3868 Dc
757 3813 906 3882 theloneo).

369 3905 481 3960 Deice.-
500 3905 635 3960 Deutsch:
659 3906 744 3974 Wolff
758 3907 800 3974 II,
818 3911 878 3962 403.

299 4029 502 4112 Borghardus
522 4031 571 4094 dei
587 4033 693 4113 gracia
706 4036 814 4096 sancte
826 4031 1109 4117 Magdeburgensis
1122 4036 1252 4099 ecclesie
1270 4036 1523 4121 archiepiscopus

206 4121 373 4203 religiosis
401 4127 432 4184 et
458 4122 580 4184 devotis
609 4123 643 4184 in
665 4120 789 4186 Christo
818 4122 923 4186 abbati
951 4130 982 4187 et
1007 4125 1138 4207 collegio
1162 4126 1195 4187 in
1217 4125 1311 4188 Porta
1333 4127 1467 4190 salutem
1489 4129 1522 4190 in

207 4212 346 4277 doorino
375 4213 607 4295 sempiternam.
655 4211 845 4276 Devocionis
876 4233 912 4276 ac
943 4215 1223 4297 contemplacionis
1251 4221 1353 4279 vestre
1381 4217 1522 4280 studium

205 4305 324 4368 farore
344 4304 481 4384 gratuito
502 4304 534 4366 iu
556 4303 685 4366 domino
704 4303 971 4384 commendantes
991 4304 1081 4368 vobis
1097 4324 1138 4368 ao
1161 4308 1332 4369 conventui
1354 4313 1467 4387 vestro,
1488 4315 1523 4370 ut

206 4398 249 4458 in
283 4392 375 4475 opido
407 4399 515 4456 nostro
547 4391 650 4458 Hallis
681 4415 736 4478 pro
767 4397 953 4459 necessitate
986 4401 1091 4460 vestra
1122 4396 1184 4472 sal,
1214 4397 1316 4479 pisces
1346 4404 1378 4460 et
1406 4399 1524 4479 allecia,

205 4501 338 4560 ceram,
364 4482 461 4566 pelles
490 4502 548 4546 seu
570 4485 692 4547 corium
715 4485 805 4548 etde
826 4496 920 4569 sepo·
942 4505 978 4548 ac
999 4487 1067 4569 pice
1088 4487 1121 4548 in
1142 4491 1262 4550 tantam
1284 4507 1459 4569 stimmam,
1486 4489 1524 4553 de

206 4571 338 4660 quibus
364 4573 470 4636 comiti
500 4573 600 4636 saline
621 4593 678 4638 seu
700 4574 835 4638 officiato
859 4580 964 4638 nostro
983 4577 1015 4638 io
1036 4575 1138 4640 Hallis
1160 4577 1308 4640 cederent
1328 4579 1390 4642 due
1411 4599 1524 4658 marce,

272 4679 423 4732 amuranus.
434 4682 456 4722 e.
466 4682 503 4723 m.
515 4680 538 4722 ι.
553 4681 700 4726 suumn.
1291 4677 1322 4730 31
