3410 5146
290 375 339 443 1-'22
656 381 887 448 Urhrndenbuch
906 389 955 447 dea
972 387 1098 447 Kloste'rs
1116 389 1220 448 Piorte.

287 531 433 604 abbatem
461 547 493 606 ct
518 549 711 608 conventum
737 544 908 608 Portenses
937 543 1168 625 cysterciensis
1193 543 1315 608 ordinis
1343 548 1498 630 exparte
1525 565 1588 610 una

287 635 319 694 et
339 631 452 696 iratres
474 639 599 698 nostros
621 635 660 699 ds
674 635 871 716 Borsondorf
891 654 932 698 ex
954 635 1054 700 altera
1074 635 1240 698 occasione
1261 633 1433 698 vicinitatis
1449 636 1587 718 grangia,

287 741 382 801 urtam
411 724 639 786 monasterium
666 724 820 790 Portense
847 723 944 788 habet
969 725 1003 787 in
1030 725 1247 808 Borsendorp
1274 730 1307 788 et
1333 724 1447 787 domus
1472 731 1587 804 nostre,

288 830 383 892 quarn
395 812 549 878 habemus
559 812 688 893 ibidem,
699 821 731 878 ot
740 815 976 899 possessionum
987 816 1209 898 contiguarum
1226 813 1300 877 hinc
1320 813 1396 878 inde
1416 819 1448 878 et
1457 821 1588 898 pensata

287 901 421 965 utilitate
443 902 557 966 domus
577 909 685 968 nostre
715 905 820 970 vendo
842 904 881 968 de
902 903 1035 968 consilio
1057 905 1191 968 fratrum
1211 923 1356 968 meorum
1371 903 1478 987 precio
1497 906 1589 985 quin-

285 995 452 1070 gentarum
470 1000 502 1057 et
522 994 634 1076 viginti
656 1005 853 1058 marcarum·
874 993 1029 1077 predium,
1052 993 1137 1074 quod
1158 993 1312 1056 habemus
1332 993 1366 1054 in
1384 993 1588 1066 Borsendori,

286 1091 357 1144 c'um
375 1084 466 1161 arcia,
487 1083 630 1161 edificiis,
650 1086 742 1167 agria,
764 1086 875 1159 vineis
897 1083 993 1162 silvis,
1016 1083 1142 1160 salictis,
1163 1083 1298 1166 pascuis
1318 1083 1472 1166 piscariis,
1491 1103 1589 1165 aqua·

286 1191 356 1233 rnnr
386 1172 585 1251 decursibus,
606 1174 780 1252 montibus,
802 1173 938 1236 collibus
959 1179 990 1236 et
1009 1171 1154 1252 vallibus,
1175 1173 1236 1235 viis
1257 1179 1290 1236 et
1308 1173 1405 1235 inviis
1425 1172 1590 1236 omuibus-

287 1278 348 1339 qne
376 1263 576 1344 pertinentiis
602 1270 724 1327 tantum
746 1263 864 1329 ibidem
886 1264 970 1336 sitis
991 1264 1134 1346 exceptis
1155 1262 1303 1325 omnibus
1324 1262 1444 1325 mansis
1464 1268 1499 1325 et
1518 1263 1590 1326 red-

286 1348 404 1414 ditibus
429 1357 521 1416 entra
546 1355 699 1418 terminos
726 1355 860 1438 predicti
886 1353 985 1436 predii
1015 1352 1091 1415 aiibi
1116 1352 1197 1426 sitis,
1228 1371 1308 1434 quos
1334 1351 1445 1416 usibus
1471 1354 1590 1416 nostris

285 1441 459 1506 retinemus
474 1463 634 1526 expresse,
649 1444 754 1509 abbati
767 1450 798 1508 et
808 1443 980 1508 conventui
991 1441 1199 1507 Portensibns
1210 1461 1249 1504 ea
1257 1439 1444 1505 condicione
1455 1441 1590 1520 aneon,

286 1535 321 1592 ut
341 1549 456 1594 novem
477 1553 601 1598 marcas
622 1533 756 1616 singulis
776 1534 869 1596 annis
887 1539 961 1596 ante
982 1533 1099 1596 festum
1117 1535 1317 1615 pentecostes
1329 1529 1430 1594 nobiti
1443 1536 1590 1594 matrone

284 1618 368 1682 Intte
390 1621 428 1685 de
445 1622 644 1690 Wildenrels
668 1629 699 1688 et
719 1643 816 1686 unam
838 1629 992 1688 carratam
1014 1623 1082 1686 vini
1107 1621 1256 1704 magistro
1277 1621 1412 1684 Iohanni
1433 1623 1590 1685 canonico

284 1707 522 1794 Mersburgensi
563 1714 602 1777 de
638 1713 892 1796 possessionibus
924 1714 1001 1797 ipsis
1033 1713 1159 1776 solvant
1188 1717 1221 1776 et
1249 1709 1438 1794 provideant
1468 1711 1591 1776 ibidem
1694 1778 1699 1797 ¹

285 1798 411 1864 dnobus
438 1803 669 1879 sacerdotibus
699 1804 755 1866 uni
777 1803 921 1884 dyacono
943 1809 976 1868 et
995 1802 1086 1866 alteri
1107 1799 1327 1882 subdyacono‚
1347 1799 1490 1884 predicto
1512 1821 1591 1866 vcro
1694 1801 1699 1851 i

284 1891 434 1974 magistro
451 1893 592 1958 Iohanne
615 1899 741 1959 mortuo
763 1899 795 1957 et
814 1899 959 1956 matrona
979 1893 1101 1976 prefata
1120 1895 1246 1954 mortua
1265 1889 1376 1974 pensio
1391 1895 1455 1954 tam
1470 1909 1592 1956 novem

285 1997 463 2046 marc-arum
492 2003 588 2064 quam
614 1988 735 2047 carrata
765 1983 832 2046 riui
858 1983 898 2046 ad
924 1981 1078 2046 Portense
1103 1979 1334 2044 monasterium
1359 1977 1458 2044 libere
1480 2000 1593 2046 rever-

285 2075 376 2132 tatur.
408 2070 471 2136 Per
491 2072 652 2137 dationem
673 2079 779 2137 autem
800 2078 832 2136 et
852 2071 1059 2136 tradicionem
1081 2075 1166 2136 carte
1187 2071 1280 2134 istius
1303 2070 1392 2135 trado
1409 2069 1593 2138 dominium
1701 2101 1702 2134 r

284 2164 316 2221 et
336 2163 567 2241 possessionem
596 2163 729 2246 predicti
757 2163 858 2246 predii
887 2182 961 2226 oum
982 2161 1182 2245 pertiuentiis
1203 2179 1300 2243 supra
1321 2159 1414 2224 dictis
1434 2159 1594 2226 iratribus

285 2247 429 2314 Helwico
450 2258 482 2316 et
509 2252 646 2316 Rudolfo
674 2253 837 2316 conversis
865 2251 1086 2342 Portensibus
1113 2271 1131 2313 a
1152 2249 1303 2332 predictis
1324 2249 1437 2314 abbate
1457 2255 1491 2314 et
1512 2271 1595 2314 con-

284 2343 382 2401 ventu
407 2360 504 2424 snper
528 2341 589 2405 hoc
613 2340 872 2425 procuratoribus
898 2342 1085 2406 constitutis,
1133 2339 1175 2403 nt
1201 2359 1242 2403 ue
1272 2339 1311 2404 ds
1337 2339 1530 2405 vendicione
1563 2349 1596 2406 et

284 2421 458 2494 tradicione
488 2437 597 2494 nostra
626 2433 725 2514 possit
757 2429 891 2495 dubium
924 2429 1074 2509 suboriri,
1104 2435 1284 2514 presentem
1315 2434 1435 2494 cartam
1464 2431 1596 2496 eisdem

284 2515 431 2580 dedimus
459 2519 553 2602 sigilii
585 2521 684 2582 nostri
717 2521 892 2584 munimine
922 2520 1109 2584 roboratam.
1160 2520 1280 2584 Actum
1307 2520 1392 2603 apud
1422 2518 1595 2585 Mantuam
1703 2531 1704 2558 ³

284 2625 368 2670 anno
397 2607 517 2671 domini
542 2617 816 2686 M⁰OO⁰XX⁶VI⁰,
848 2617 959 2692 quarto
986 2629 1086 2674 nonas
1107 2609 1206 2688 Iunii,
1232 2609 1434 2692 presentibus
1454 2629 1597 2675 venera-

283 2694 407 2758 bilibus
417 2697 560 2779 patribus
571 2698 720 2761 Cunrado
731 2698 901 2762 Portueusi
918 2704 950 2763 et
968 2707 1076 2763 sancte
1093 2699 1209 2762 Rufino
1231 2699 1393 2781 episcopo,
1415 2699 1597 2782 apostolice

283 2785 368 2847 sedis
389 2786 506 2869 legata
528 2787 665 2851 Geroldo
688 2788 866 2871 patriarcha
883 2788 1157 2865 lerosolomitano,
1178 2787 1331 2852 Heinrico
1355 2787 1597 2853 Mediolanensi

283 2875 547 2958 arehiepiscopot,
558 2875 708 2940 Ounrado
719 2876 997 2958 Hyldensemonsi,
1009 2877 1124 2940 Iacobo
1136 2877 1325 2956 Ueronensi,
1336 2877 1444 2940 Gratia
1455 2877 1597 2943 Parme-

283 2963 467 3043 nensi(st'c),
489 2965 686 3030 Vicedomno
700 2965 896 3045 Placentina
915 2967 1048 3030 Aiberto
1068 2966 1248 3044 Brissiensi
1269 2965 1422 3030 Heinrioo
1439 2966 1599 3032 Mantua-

283 3055 394 3118 nensi⁰
419 3056 589 3139 episcopia,
615 3055 767 3120 Heinrico
789 3056 902 3120 abbate
922 3057 1076 3139 Augensi
1101 3056 1253 3139 magistro
1275 3055 1488 3138 Degenhardo
1518 3078 1598 3141 prc-

283 3145 385 3226 posito
411 3146 444 3206 in
470 3144 561 3227 Hoge
588 3144 826 3227 Herbipoiensi,
854 3145 962 3208 Virico
984 3145 1150 3209 scolastico
1172 3145 1410 3226 Argentiuensi
1433 3145 1598 3211 Heinrico

284 3233 323 3296 de
351 3233 513 3312 Honloch,
539 3234 680 3298 Iohanne
708 3235 747 3298 de
774 3235 880 3308 Baias,
907 3234 1072 3298 Leonardo
1095 3236 1134 3299 de
1154 3234 1357 3313 Bretenorio,
1385 3234 1528 3298 Rudolfo
1554 3238 1599 3304 dc

284 3323 508 3387 Geuekensten
529 3323 680 3387 tratribus
701 3325 841 3406 predicto
863 3325 976 3389 domus
997 3329 1104 3389 nostre
1126 3329 1158 3389 et
1179 3323 1249 3388 aliis
1270 3343 1366 3405 quam
1388 3324 1548 3408 pluribus.

353 3470 366 3499 ⁸
384 3475 525 3516 maoarum
580 3451 762 3533 b‘'ep'rot'archi
815 3459 826 3488 ⁰
845 3463 977 3516 matra-eu

285 3736 396 3818 lato.
423 3737 530 3821 Jum
557 3737 594 3820 3.
621 3738 814 3822 Mantua.
845 3723 847 3728 ’
1521 3741 1601 3824 95.

365 3868 432 3935 Der
457 3872 704 3954 Kordinallcpot
730 3874 878 3950 Komarei,
904 3871 1041 3954 Biscbof
1056 3891 1116 3937 von
1136 3873 1243 3946 Porto,
1267 3872 1407 3953 cantat
1427 3873 1489 3937 den
1514 3873 1603 3940 Ver·

323 3963 411 4044 kuscs
435 3962 490 4026 der
521 3963 696 4044 Bcst'taanp
726 3963 780 4026 des
810 3962 975 4027 dudeciaco
1011 3960 1130 4025 oreas
1158 3963 1196 4026 in
1227 3961 1436 4044 Porstendort'
1458 3983 1502 4028 an
1532 3965 1603 4031 dus

306 4049 452 4117 tamer
471 4053 587 4134 Psoric.
617 4051 682 4133 Vqr.
705 4051 765 4116 Nr.
783 4057 834 4118 94.

434 4187 565 4247 Hdccbr:
583 4177 678 4242 D19b
695 4188 747 4256 (tit.
761 4186 950 4254 Borsendorf).
981 4179 1092 4240 TW.

440 4292 495 4362 th.
512 4291 596 4361 Wolff
610 4293 653 4359 ΙΙ,
671 4298 696 4351 5.
726 4289 1167 4358 Forscb.s.dcatscb.Geccb.X1‚
1186 4293 1246 4346 632.

365 4415 744 4479 Ornradusmiseratione
766 4415 874 4478 divina
889 4414 1075 4478 Portuensis
1096 4419 1127 4476 ot
1148 4417 1255 4476 sancte
1272 4411 1388 4476 Rufina
1410 4412 1604 4498 episcopus,

285 4505 456 4588 apostolice
482 4505 567 4569 sadis
594 4506 732 4588 legatus,
768 4504 926 4568 universis
954 4503 1070 4568 Christi
1098 4502 1249 4567 fidelibus
1273 4505 1437 4586 presentes
1464 4501 1604 4568 litteras

283 4593 474 4684 inspecturis
506 4591 639 4661 salutem
669 4593 702 4661 in
734 4591 871 4660 domino.
914 4592 994 4660 Cum
1025 4591 1063 4658 ad
1086 4591 1257 4658 ¹vitandam
1290 4589 1495 4670 discordiam,
1524 4611 1604 4675 que
