3392 5150
316 369 369 426 288
705 370 916 428 Urkudenbuoh
934 371 983 427 der
1000 371 1127 428 Kloeters
1146 371 1250 428 Pforte.

316 527 423 586 nostre
450 523 650 605 proprietatis
675 523 771 586 situm
796 524 830 586 in
857 543 937 608 pago
960 525 1034 588 ville
1056 523 1161 606 Seyne
1182 544 1256 588 cum
1278 543 1342 588 una
1363 543 1437 587 area
1458 523 1498 586 ad
1517 523 1598 607 ipsun

315 631 463 676 mansum
494 613 671 696 pertinente
704 631 763 676 nec
797 633 860 676 non
892 614 1045 694 arbustiS,
1075 616 1201 698 pascuis
1226 622 1258 678 et
1286 613 1434 677 omnibus
1461 614 1527 678 suis
1550 631 1599 696 per·
1691 590 1693 628 ⁴

316 703 476 781 tinenciis,
499 721 561 783 que
583 701 675 764 nobis
696 703 939 786 competebantb,
961 704 1089 767 domino
1111 703 1217 768 abbati
1238 711 1270 768 et
1290 703 1463 767 conventui
1479 701 1601 766 Portensi

315 811 372 874 pro
399 801 451 854 Vll
479 791 595 853 marcis
623 791 841 874 l‘ribergensis
868 795 990 876 argenti
1017 793 1229 858 vendidimus
1276 793 1417 856 Etcum
1447 792 1600 875 sepedicti

315 880 514 944 venerabiles
546 882 618 960 viri,
655 881 804 944 dominns
834 881 931 946 abbas
963 889 994 945 ct
1025 891 1201 947 conr-entus
1235 883 1412 962 Portensis,
1449 882 1598 966 dampnum
1692 887 1693 962 j

316 972 472 1034 sustinere
501 990 565 1034 non
593 971 742 1050 debeant,
768 973 808 1034 ad
836 972 1028 1035 warandianr
1050 973 1128 1055 ipsis
1148 973 1328 1036 faciendam
1346 991 1405 1034 nos
1426 978 1458 1034 et
1478 977 1600 1034 nostrum
1692 969 1693 1054 J

314 1061 542 1124 monasterium
569 1061 770 1145 presentibus
795 1062 1020 1144 perpetualiter
1045 1063 1231 1144 obligamus.
1276 1062 1317 1127 Ut
1338 1063 1435 1145 igitur
1455 1062 1502 1125 sic
1524 1061 1599 1123 racio

316 1150 464 1214 nabiliter
491 1160 618 1233 peracta
644 1156 796 1234 perpetua
825 1152 975 1215 firmitate
1002 1153 1178 1216 consistant
1204 1171 1330 1231 secura,
1361 1159 1540 1236 presentem
1562 1169 1601 1232 pa·

316 1243 421 1324 ginam
445 1241 565 1304 eisdem
587 1241 742 1304 tradimus
763 1247 957 1303 nostrorum
979 1241 1156 1323 sigillorum
1177 1240 1425 1328 appensionibus
1446 1239 1601 1304 communi-

315 1339 389 1394 tam.
431 1331 537 1394 Huius
566 1333 610 1394 rei
638 1338 714 1393 sunt
733 1336 830 1394 testes
851 1329 1014 1394 Ditmarus
1036 1331 1190 1413 plebanus
1207 1333 1239 1394 in
1262 1329 1469 1414 Rogehusen,
1496 1329 1535 1393 N.
1554 1327 1602 1411 ple·

314 1421 416 1484 banus
445 1423 478 1483 in
508 1423 628 1502 Seyne,
660 1422 842 1484 Gerlrardus
871 1427 903 1484 et
929 1420 1094 1484 Comedus
1128 1423 1238 1484 rustici
1269 1423 1301 1484 in
1330 1419 1435 1502 Seyne
1466 1429 1497 1482 at
1527 1437 1600 1500 quan
1690 1435 1693 1498 j

315 1511 423 1594 plures
444 1511 497 1573 alii
518 1511 583 1573 fide
606 1511 701 1593 digni.
744 1509 860 1573 Datum
882 1529 966 1574 annu
989 1511 1108 1574 domini
1130 1520 1249 1574 MCCXG
1268 1511 1380 1593 primo.

385 1634 554 1689 iVr'elleiclri
573 1637 748 1689 rwacbrv'cbm
766 1638 814 1703 fiir
831 1634 970 1706 quendam
1043 1627 1055 1662 ¹'
1072 1635 1238 1706 copetebant
1308 1625 1388 1688 erffo

313 1881 424 1964 1291.
1154 1947 1155 1952 Ν
1531 1875 1604 1962 29⁶2,
1690 1867 1693 1892 ³

392 2036 520 2099 Dilmur
540 2037 595 2099 der
612 2023 718 2099 Altero
739 2037 808 2099 arrd
835 2034 964 2100 Damar
989 2037 1044 2099 der
1069 2035 1209 2115 adtingere
1227 2055 1287 2098 oon
1302 2032 1490 2098 Willerstedt
1513 2033 1603 2112 elusa
1692 2033 1693 2074 ἒ

351 2127 420 2189 derra
441 2125 568 2188 Ktosro·
590 2124 696 2206 Pl'orie
722 2131 744 2190 2
764 2125 876 2208 Hersen
903 2127 937 2189 in
959 2124 1110 2188 Neusiedt
1129 2145 1184 2200 aa,
1212 2125 1263 2186 dic
1282 2122 1436 2186 Heinrich
1458 2121 1559 2187 b'lowc
1578 2121 1606 2182 ia

352 2215 506 2278 Liebstcdt
522 2215 690 2279 desselben
706 2217 860 2295 ocrlraaft
883 2217 970 2280 baara
981 2216 1140 2296 pesclrealrt
1154 2217 1217 2292 itui,
1235 2214 1385 2278 euclidem
1407 2213 1508 2277 dieser
1525 2212 1604 2274 ilonea

351 2307 401 2368 ein
430 2305 589 2369 Gescbenlr
617 2325 675 2368 von
708 2311 727 2368 5
751 2303 863 2386 Plarad
892 2305 1044 2385 &furter
1070 2302 1221 2369 Denaren
1249 2305 1377 2384 gegeben
1406 2303 1476 2366 und
1505 2302 1608 2365 ander

353 2395 452 2458 Getta
472 2415 513 2458 aar
532 2394 635 2458 Labeo
654 2415 832 2476 ymmnmea
850 2395 913 2460 aar.

461 2529 594 2584 flucae:
616 2530 704 2584 Trea.
723 2530 796 2584 Dea
813 2530 1048 2599 (tit.Nuenatete).

462 2635 557 2688 Druck
564 2653 573 2686 .·
593 2633 728 2689 Deutsclr:
755 2635 884 2704 WolffH,
902 2639 963 2690 232.

390 2761 457 2826 Nos
484 2760 669 2825 Dithmarus
702 2763 809 2825 senior
841 2770 872 2826 et
896 2761 1082 2826 Dithmarus
1111 2763 1217 2826 iunior
1249 2762 1326 2824 dicti
1357 2761 1396 2822 de
1425 2759 1610 2822 Willerstete
1692 2827 1693 2844 ,

310 2857 419 2914 tenore
451 2852 650 2934 presencium
679 2851 784 2914 lucide
817 2857 1042 2935 protestamur,
1070 2852 1154 2933 qnod
1181 2851 1358 2914 Heinrious·
1382 2849 1487 2912 dictus
1514 2848 1612 2911 Clare

309 2942 342 3003 in
364 2940 547 3004 Libenstete
573 2941 612 3003 de
635 2960 792 3004 consensu
815 2941 967 3004 heredum
990 2961 1121 3004 suorum
1142 2941 1286 3004 vendidit
1306 2939 1436 3002 domino
1460 2937 1567 3001 abbati
1586 2947 1612 2996 et

310 3031 483 3092 conventui
509 3030 548 3093 de
570 3029 666 3092 Porta
692 3049 792 3093 unum
818 3049 964 3094 mansum
990 3031 1023 3092 in
1045 3050 1124 3114 pago
1147 3029 1221 3092 ville
1243 3029 1420 3092 Nuenstete
1443 3029 1541 3090 situm
1561 3041 1614 3108 pro

310 3120 458 3182 undecim
476 3121 592 3182 marcis
610 3119 668 3182 sibi
687 3118 884 3201 integraliter
907 3121 1076 3204 persolutis
1097 3128 1128 3182 et
1149 3119 1283 3182 alterum
1305 3135 1454 3180 mansum
1474 3115 1614 3200 predicto

310 3229 420 3272 manso
459 3211 645 3292 contiguum
682 3227 722 3272 ex
764 3210 892 3292 speciali
929 3211 1047 3273 aflectu
1085 3209 1216 3292 predicti
1251 3217 1428 3271 conventus
1455 3206 1496 3269 de
1525 3205 1616 3268 Porta

311 3299 439 3362 domino
465 3298 589 3361 abbati²
616 3305 648 3360 et
674 3300 846 3362 conventui
874 3299 1001 3376 obtulit,
1029 3319 1066 3362 eo
1093 3299 1178 3380 quod
1200 3299 1289 3361 lilius
1310 3317 1388 3359 suus
1410 3296 1533 3360 ibidem
1556 3313 1616 3356 me

307 3387 466 3451 nachilem
488 3389 629 3450 habitum
651 3389 692 3450 sit
713 3390 882 3470 professus.
917 3389 1036 3452 Verunr
1061 3389 1135 3470 quia
1157 3389 1270 3450 horum
1291 3405 1476 3449 mansorum
1501 3385 1545 3447 ad
1565 3401 1618 3446 nos

309 3479 461 3560 pertinuit
482 3479 669 3560 proprietas,
692 3497 771 3558 quos
793 3483 865 3540 ante
888 3478 991 3542 dictus
1012 3478 1074 3541 Ha
1095 3477 1200 3541 Claw'e
1222 3496 1295 3539 curn
1319 3477 1385 3539 suis
1407 3475 1585 3538 heredibus
1604 3491 1618 3532 a
1690 3495 1693 3566 ]

308 3566 401 3629 nobis
428 3568 457 3628 iu
488 3566 580 3628 londo
610 3571 828 3648 susceperant,
856 3567 894 3628 ad
924 3565 1112 3630 instanciam
1141 3585 1252 3630 eorum
1270 3565 1454 3648 plurimam,
1482 3563 1619 3645 receptis

308 3657 407 3718 eciam
436 3656 475 3718 ab
505 3657 608 3718 eisin
638 3675 770 3718 munere
800 3657 941 3736 quinque
968 3656 1095 3719 talentis
1116 3655 1358 3718 Emordensium
1386 3653 1622 3717 denariorum‘.

308 3756 380 3808 ante
396 3747 498 3807 dictos
515 3765 641 3808 mansos
657 3765 730 3807 cum
745 3747 811 3807 suis
827 3745 970 3807 terminis
992 3745 1231 3829 adpropriamus
1253 3743 1394 3806 l’ortensi
1422 3741 1620 3804 monasterio
1690 3781 1691 3788 ,

308 3855 381 3898 curn
403 3837 488 3897 irnmi
509 3837 593 3908 iure,
618 3835 767 3908 utilitate,
795 3835 949 3911 dominic,
973 3855 1045 3896 cum
1068 3835 1162 3909 araia,
1182 3835 1295 3917 pratis,
1316 3831 1466 3900 arbustis,
1493 3831 1624 3914 pascuis

308 3945 344 3987 ac
360 3924 508 3988 omnibus
523 3926 589 3987 suis
610 3924 649 3986 ab
672 3925 748 3986 olim
769 3924 974 4007 pertinenciis
995 3925 1197 4006 proprietatis
1218 3923 1320 4004 tytulo
1342 3931 1500 4004 perpetuo
1525 3919 1624 4003 pos-si-

308 4014 442 4091 dendos,
469 4034 565 4097 super
586 4016 752 4077 evictionis
775 4023 806 4076 et
828 4015 985 4096 warangie
1007 4012 1213 4076 caucionibus
1236 4013 1377 4074 omnium
1401 4010 1627 4093 predictorum

308 4104 484 4166 secundum
512 4105 695 4184 antiquam‘¹
719 4109 799 4165 terre
821 4104 1084 4168 consuetudinem
1108 4111 1139 4166 et
1161 4104 1314 4166 hactenus
1336 4101 1546 4163 observatam
1572 4117 1628 4160 nos

306 4193 508 4274 presentibus
538 4192 722 4274 obligantes.
764 4193 805 4254 llt
835 4195 909 4274 quia
940 4194 979 4256 de
1007 4193 1110 4255 alieno
1136 4192 1225 4254 lucro
1252 4211 1310 4254 nos
1336 4189 1552 4274 dispendium
1584 4209 1632 4252 rn-

306 4288 431 4364 portare
458 4282 590 4364 dignum
612 4301 675 4344 non
698 4289 760 4360 est,
788 4301 827 4344 ne
849 4283 918 4346 iure
941 4283 1092 4364 homagii,
1120 4281 1203 4362 quod
1226 4283 1259 4343 in
1283 4297 1484 4364 possessores
1512 4281 1631 4342 trorum

308 4391 490 4434 mansorum
519 4371 612 4434 nobis
632 4372 854 4452 vendicamus,
881 4373 1070 4455 privemurr,
1097 4389 1171 4454 sepe
1193 4371 1297 4433 dictus
1318 4369 1377 4433 H.¹³
1400 4369 1533 4433 Olawe¹
1557 4387 1634 4432 cum

307 4462 373 4522 suis
399 4460 523 4539 liberis,
550 4461 739 4543 comparatis
768 4461 838 4524 aliis
866 4461 958 4524 bonis
984 4481 1040 4544 pro
1068 4461 1211 4541 quinque
1233 4460 1363 4536 marcis,
1392 4458 1538 4520 anobis
1563 4477 1635 4519 sus-

306 4557 458 4631 ceperunt
479 4552 548 4612 iure
570 4550 715 4612 similiter
735 4551 860 4613 feodali.
893 4551 941 4614 Ne
962 4551 1060 4634 igitur
1080 4569 1177 4632 super
1197 4549 1247 4611 his
1268 4549 1301 4611 in
1323 4553 1492 4631 posterum
1520 4547 1638 4628 aliqua
