3506 5148
613 387 663 444 Nr.
674 388 822 444 tra-514.
842 388 1025 446 reae-1324.
1415 389 1469 446 475

163 548 246 606 ratas
265 548 296 605 et
312 545 417 624 gratas
434 539 659 604 inviolabiliter
675 542 851 622 observare,
872 547 1079 624 tenoremque
1095 547 1126 606 et
1140 542 1283 604 ordinem
1301 541 1473 606 earundem

163 632 279 696 nostris
306 631 419 694 litteris
448 630 650 714 presentibus
676 633 869 696 innovamus
895 637 926 695 et
956 631 1073 694 nichilo
1105 634 1214 695 minus
1245 631 1473 696 confirmamus

162 740 338 805 omnesque
358 727 389 783 et
409 721 552 802 singulas
574 720 733 786 libertates
753 724 888 786 istorum
911 723 1111 805 aliorumque
1133 721 1288 786 bonorum
1305 743 1324 786 a
1341 722 1472 805 quibus·

162 831 292 895 cunque
320 813 437 874 nostris
463 812 716 894 progenitoribus
743 813 788 876 eis
819 813 961 876 indultas
993 833 1050 877 seu
1079 832 1245 876 concessas
1273 812 1474 896 presentibus

163 903 400 980 confirmamus,
423 900 563 964 volentes
585 920 639 964 eos
656 903 724 965 sive
741 903 904 965 ecclesiam
927 903 1098 986 predictam
1114 903 1148 966 in
1166 903 1257 966 dictis
1276 902 1369 966 bonis
1383 903 1474 965 iusti-

161 993 283 1056 cialiter
309 990 492 1054 warandare
517 997 548 1053 et
576 991 709 1054 fideliter
740 991 918 1072 defensare,
948 993 1190 1056 renuncciantes
1211 993 1273 1054 iuri
1294 999 1415 1071 nostro,
1446 993 1473 1054 si

163 1083 248 1166 qnod
273 1080 365 1145 nobis
393 1087 448 1144 aut
475 1083 592 1143 nostris
619 1081 788 1144 heredibus
810 1088 915 1165 posset
934 1083 966 1145 in
990 1090 1152 1166 posterum
1173 1083 1325 1148 derivare.
1366 1082 1473 1147 Testes

164 1174 260 1236 huius
291 1176 367 1235 sunt
395 1170 546 1234 Albertus
574 1179 605 1233 et
633 1170 804 1234 Heinrious
831 1172 907 1236 dicti
933 1173 970 1236 de
996 1171 1170 1252 Deinstete‚
1201 1171 1407 1237 Hermannus
1434 1174 1472 1237 de

163 1260 315 1340 heinvelt
335 1259 511 1324 Heinrious
532 1258 690 1324 Dratstete
711 1261 865 1326 scultetus
887 1264 920 1326 in
934 1261 1077 1343 Wymar,
1097 1262 1249 1328 Albertus
1271 1263 1473 1348 cappellanus
1585 1255 1587 1260 ’

162 1354 196 1416 in
219 1350 476 1432 castroWymar‚
498 1349 648 1414 dominns
668 1350 697 1414 N
699 1352 830 1432 yoolaus
851 1352 1005 1435 plebanus
1025 1355 1059 1418 in
1075 1353 1306 1418 Grummestorf
1323 1361 1355 1418 et
1376 1374 1471 1437 quam

163 1442 270 1524 plnres
299 1441 352 1504 alii
384 1439 446 1504 fide
475 1440 573 1522 digni.
622 1440 660 1503 in
691 1443 784 1505 carius
814 1444 859 1506 rei
890 1444 1108 1506 testimoninm
1138 1450 1298 1526 presentes
1327 1444 1472 1508 dedimus

161 1533 281 1596 litteras
314 1533 414 1594 nostri
443 1531 537 1614 sigilli
565 1531 726 1595 karactere
752 1535 971 1597 communitas.
1024 1533 1146 1596 Anrbo·
1165 1553 1237 1597 vero
1274 1554 1338 1596 uno
1369 1534 1472 1616 sigillo

165 1624 304 1686 utimurb
317 1623 376 1686 ista
389 1623 464 1684 vice.
499 1620 617 1684 Datum
630 1629 660 1685 et
674 1627 780 1685 actum
791 1621 926 1703 Wymar
938 1644 1022 1688 anno
1038 1625 1159 1687 domini
1175 1633 1312 1689 M⁰ccc⁰
1323 1633 1471 1704 XX⁰Hl⁰‚

162 1714 307 1797 proxima
328 1713 424 1776 tercia
442 1713 519 1776 feria
540 1719 610 1795 post
632 1713 715 1776 diem
738 1713 820 1776 beati
841 1711 1038 1795 Mychahelis
1058 1715 1247 1798 archangeli.

233 1857 304 1945 ²dpi
324 1861 380 1926 (eor
398 1857 507 1928 fratres)
582 1848 594 1884 ¹¹
615 1858 732 1912 vttinrur
748 1857 811 1912 oder
829 1857 949 1914 vtrimnr

162 2091 275 2172 1324.
304 2090 554 2172 «1111111123.
1381 2091 1470 2174 514.

210 2328 215 2338 Ι
244 2234 466 2392 DlppFourilic
485 2237 540 2299 der
562 2236 757 2300 Mor-seuera
783 2237 884 2316 1191111
908 2237 977 2300 dcru
999 2235 1126 2302 Kloslcr
1145 2237 1253 2317 Psortc
1274 2239 1335 2318 1¹,2
1358 2236 1471 2319 Hufea

203 2348 238 2392 aa
310 2347 370 2390 sarr
390 2346 440 2392 au.

312 2453 448 2508 aaran:
467 2443 582 2511 T178b.
615 2453 644 2506 D
657 2456 692 2507 67
712 2452 889 2520 (tit.Lasan),

313 2545 441 2600 Drocke:
458 2545 569 2612 Bdlrma,
588 2543 838 2614 Hmapoaarstedt
855 2548 897 2600 21.
934 2544 1069 2599 Deutech:
1093 2544 1179 2612 Wolff
1188 2545 1230 2613 II,
1248 2550 1308 2600 409.

244 2679 309 2744 Nos
329 2679 485 2744 Rudolius
509 2678 702 2742 marscalcus
724 2679 762 2742 de
777 2679 881 2759 sulze,
901 2679 1062 2742 Henricus
1082 2679 1186 2742 dictus
1206 2677 1471 2762 deIewenstoyn,

158 2771 323 2836 Henricus
345 2769 538 2834 marscalcus
557 2771 589 2831 in
611 2767 820 2848 Holtzlrnsen,
840 2768 1000 2832 Henricus
1022 2778 1053 2832 et
1073 2767 1218 2832 Lntolfus
1240 2769 1295 2832 lilii
1317 2771 1471 2848 eiusdem

157 2861 369 2926 Hermannus
396 2860 483 2924 tilius
503 2858 684 2922 Theoderici
712 2858 877 2922 marscalci
902 2858 1034 2936 ibidem,
1057 2857 1218 2921 Henricus
1243 2864 1274 2922 et
1294 2859 1380 2923 filius
1401 2861 1471 2923 eins

157 2951 332 3029 Henricus,
354 2949 513 3014 Gerardus
533 2955 564 3012 et
584 2947 670 3013 filius
689 2950 759 3013 eius
771 2949 931 3012 Gerardus
951 2947 1114 3012 marscalci
1137 2948 1212 3010 dieti
1237 2948 1275 3012 de
1291 2949 1471 3012 Gezerstete

156 3041 419 3124 recognoscimus
439 3045 470 3103 et
490 3041 524 3100 in
546 3039 696 3101 noticiam
717 3040 876 3118 omnium,
898 3041 953 3122 qni
975 3039 1139 3121 presencia
1159 3038 1303 3117 viderint,
1322 3041 1470 3122 cupimus

157 3132 342 3216 pervenire,
371 3129 456 3212 quod
483 3149 541 3192 nos
568 3149 672 3192 unum
694 3148 842 3192 mansum
863 3135 894 3192 et
914 3129 1081 3192 dimidium
1103 3128 1181 3192 sitos
1202 3129 1235 3191 in
1256 3130 1376 3210 canrpis
1399 3129 1470 3192 villo

156 3219 279 3298 Iasae,
313 3239 449 3302 quorum
478 3239 580 3282 unum
610 3219 793 3296 (ledradus,
822 3217 894 3282 Otto
921 3225 952 3282 et
978 3216 1147 3282 Bertoldus
1174 3236 1211 3279 ac
1238 3237 1347 3280 eorum
1374 3220 1469 3282 ceteri

157 3311 275 3374 fratres
295 3309 369 3370 dicti
391 3307 429 3370 de
445 3306 602 3372 erchowe
623 3308 680 3371 lilii
696 3308 828 3371 Henrici
850 3307 1011 3387 quondam
1032 3307 1107 3370 dicti
1124 3306 1281 3385 Mnesarch,
1302 3307 1470 3371 dimidium

156 3419 238 3464 vero
253 3398 432 3462 Fridericus
449 3405 480 3462 et
494 3397 655 3463 Henricus
675 3399 786 3462 fratros
808 3399 881 3462 dicti
900 3399 939 3462 do
956 3397 1118 3478 Blisigrim
1135 3396 1261 3480 opidani
1277 3398 1309 3458 in
1321 3397 1471 3462 Hesselor

157 3513 183 3554 a
208 3489 299 3552 nobis
325 3495 355 3551 et
383 3490 500 3552 nostris
528 3487 782 3572 progenitoribus
811 3493 978 3552 tenuerant
1002 3487 1094 3550 titulo
1115 3486 1241 3566 feodali,
1262 3486 1361 3550 libera
1378 3487 1470 3551 nobis

156 3581 244 3644 facta
271 3579 488 3662 resignacione
514 3598 569 3662 per
594 3579 766 3662 predictos,
795 3577 1067 3660 appropriavimus
1088 3581 1120 3639 et
1139 3576 1340 3659 presentibus
1361 3599 1472 3661 appro-

156 3671 304 3752 priamus
324 3668 562 3732 honorabilibus
584 3675 615 3732 et
635 3669 791 3750 religiosis
812 3669 890 3730 viris
910 3667 1038 3730 domino
1059 3665 1190 3730 Alberto
1212 3665 1317 3729 abbati
1340 3673 1371 3730 et
1395 3687 1470 3730 con·

157 3761 274 3824 ventui
296 3761 477 3823 monasterii
499 3760 533 3821 in
544 3759 639 3823 Porta
657 3757 1005 3822 ordinisOisteroiensis
1025 3756 1209 3840 simpliciter·
1226 3762 1352 3840 propter
1366 3757 1471 3838 deum,

156 3851 388 3916 transferentes
418 3851 648 3932 possessionem
680 3855 711 3912 et
741 3851 793 3912 ius
822 3853 852 3912 et
879 3847 1128 3911 iurisdictionem
1156 3867 1282 3910 omnem
1314 3847 1469 3911 dictorum

157 3943 319 4004 bonorum
340 3941 374 4002 in
397 3939 574 4002 dominium
595 3940 814 4023 religiosorum
838 3937 1065 4022 predictorum,
1093 3938 1331 4000 renunotiantes
1351 3939 1471 4020 precise

157 4051 217 4115 pro
240 4028 332 4093 nobis
355 4031 534 4112 nostrisque
554 4028 793 4093 suecessoribus
810 4028 960 4092 omnibus
979 4027 1114 4107 iuribus
1135 4027 1248 4092 usibus
1261 4027 1471 4111 etobsequiis,

156 4141 224 4204 que
253 4120 345 4183 nobis
374 4140 411 4182 ac
440 4121 557 4183 nostris
589 4119 829 4184 successoribus
859 4121 893 4183 in
922 4118 1014 4182 dictis
1044 4117 1137 4182 bonis
1162 4117 1381 4201 competebant
1413 4138 1469 4181 son

155 4215 291 4296 possent
312 4217 488 4293 competere
508 4211 541 4273 in
563 4211 719 4273 futurum.
749 4210 850 4293 Super
866 4209 1031 4272 evictionis
1046 4207 1299 4291 givarandiarum
1319 4209 1471 4272 caneione

155 4319 221 4365 nos
247 4307 278 4363 et
311 4305 435 4364 nostros
465 4301 634 4364 coheredes
665 4300 865 4384 presentibus
897 4298 1096 4362 iusticialiter
1125 4297 1312 4379 obligamus.
1362 4295 1471 4362 Huius

155 4391 260 4472 igitur
285 4391 552 4454 renunotiacionis
574 4392 608 4453 in
634 4392 850 4454 testimonium
880 4395 911 4453 et
932 4388 1129 4452 evidenciam
1151 4388 1322 4470 pleniorem
1344 4407 1471 4469 presen-

153 4489 226 4544 tem
258 4480 392 4544 litteram
430 4480 497 4543 dari
527 4481 661 4544 lecimus
695 4485 877 4544 nostrornm
914 4479 1089 4562 sigillorum
1129 4478 1309 4541 munimine
1339 4477 1472 4541 firmiter

158 4567 353 4638 roboratam.
392 4568 500 4636 Testes
521 4572 619 4635 huius
641 4570 907 4657 appropriacionis
926 4574 1002 4636 sunt
1022 4569 1179 4635 Rndolfus
1201 4567 1240 4634 de
1261 4565 1470 4633 Kaneworfen
