3506 5148
326 409 378 464 524
696 404 927 462 Urhuudenbuch
945 373 993 460 des
1011 405 1138 460 Kloslers
1156 403 1258 459 Plorte.

330 579 437 662 1347.
465 578 782 661 heremberto.
1364 555 1374 568 ⁸
1535 573 1630 656 569.

406 715 614 779 Heidearcich
635 735 693 778 ooo
714 713 871 778 Rossbach
892 715 1040 794 vairaco
1061 715 1129 776 dem
1148 713 1271 777 Klostcr
1293 713 1401 792 Psorla
1429 715 1496 791 2¹,⁴
1512 710 1632 773 Aeclcer

366 807 515 870 aroiscbea
536 808 592 870 der
603 805 696 869 Saule
714 807 783 870 arad
803 807 873 870 dem
885 805 987 886 Barac
999 806 1045 870 bct
1055 804 1211 868 Rossbach
1226 804 1283 882 fair
1297 807 1335 866 11
1348 801 1631 872 Scbochroschar

366 902 459 960 trater
477 895 638 960 Vorhebalt
659 898 712 959 des
733 895 921 976 Rticltlcoafs
939 897 997 976 fair
1018 894 1147 958 aJabre
1167 894 1236 958 aad
1257 893 1313 956 ruit
1334 893 1389 955 dar
1401 891 1629 971 Berisamum,

366 989 442 1051 cluss
462 991 556 1050 oatcr
583 985 775 1051 euastanda
797 987 856 1049 dus
877 984 1003 1048 Kloster
1022 985 1082 1048 dea
1104 983 1282 1064 Rricbbaaf
1295 983 1425 1064 [ordea
1445 983 1542 1044 bona

475 1120 609 1175 Hdacha:
629 1121 702 1176 Τ9Θ.
730 1121 759 1174 D
770 1111 839 1174 114b
858 1122 910 1190 (to.
924 1119 1064 1190 Respaeh)
1083 1119 1133 1173 mit
1150 1117 1328 1173 badadamea
1346 1117 1521 1186 Korampea.

476 1213 589 1266 Druck:
607 1211 743 1268 Deutaeb:
767 1213 852 1281 Wolff
866 1213 907 1280 ΙΙ,
926 1215 985 1266 451.

408 1335 708 1418 llgoHeydenricrrs
724 1334 916 1400 deRosbach
938 1334 1097 1413 omnibus
1118 1336 1157 1398 ad
1179 1355 1315 1418 quorum
1337 1335 1485 1397 noticiam
1501 1353 1629 1416 presens

328 1427 479 1508 scriptum
502 1428 687 1509 pervenerit,
709 1426 855 1509 profiteor
877 1427 1048 1504 manifeste,
1069 1426 1155 1508 quod
1175 1435 1300 1489 matura
1313 1425 1543 1488 deliberacione
1563 1444 1628 1507 pre-

327 1515 433 1578 habito
453 1536 527 1579 curn
549 1516 630 1580 bona
648 1517 810 1580 voluntate
831 1523 861 1579 et
882 1536 1039 1579 consensu
1062 1515 1220 1598 plenario·
1235 1515 1375 1580 Elisabct
1396 1536 1465 1579 mee
1480 1515 1628 1598 legittime

327 1614 358 1668 et
379 1605 560 1669 Heidcnrici
588 1609 653 1671 nati
680 1609 742 1670 mei
770 1608 969 1689 aliorumque
998 1627 1141 1670 meorum
1169 1607 1338 1671 liberorum
1365 1606 1569 1670 etheredum
1591 1625 1627 1668 ex

328 1698 433 1760 causis
460 1699 646 1760 necessariis
678 1705 720 1770 et,
736 1698 899 1780 legittimis
930 1697 1058 1760 vendidi
1084 1699 1142 1761 rite
1170 1705 1200 1761 et
1225 1696 1457 1760 racionabiliter
1477 1705 1507 1760 et
1529 1697 1627 1759 vendo

329 1805 385 1868 per
413 1795 573 1868 presentes
602 1789 782 1852 reverendis
812 1791 844 1850 in
874 1787 997 1850 Christo
1021 1794 1052 1850 et
1079 1787 1234 1872 religiosis
1266 1789 1342 1851 viris
1369 1787 1506 1850 dominis
1525 1785 1626 1848 abbati

329 1885 359 1940 et
386 1879 557 1940 conventui
585 1880 767 1942 monasterii
794 1879 825 1940 in
848 1877 944 1940 Porta
971 1879 1090 1959 peciam
1115 1885 1146 1941 et
1165 1877 1300 1941 fundum
1323 1877 1459 1940 duorum
1482 1896 1625 1959 agrorum

328 1975 359 2029 et
390 1968 485 2030 unius
513 1969 665 2050 quartalis
692 1971 774 2031 iuste
803 1969 987 2052 quantitatis
1017 1975 1048 2030 et
1079 1987 1227 2032 mensure
1256 1967 1360 2032 debito
1386 1969 1519 2031 sitorum
1550 1968 1627 2029 inter

329 2055 465 2120 fluvium
492 2057 611 2121 dictum
634 2058 704 2121 Sala
736 2066 766 2122 et
793 2064 931 2122 montem
961 2078 1055 2142 prope
1075 2057 1219 2122 Rosbach
1244 2059 1336 2122 iuxta
1356 2078 1448 2141 agros
1468 2057 1626 2140 parrochie

328 2150 360 2209 in
393 2145 589 2228 Aldenburg¹
619 2167 674 2230 pro
712 2149 858 2211 undecim
896 2151 1063 2230 sexagenis
1093 2169 1276 2230 grossorum
1307 2149 1494 2212 traditorum
1535 2147 1625 2210 michi

329 2237 449 2300 utiliter
469 2244 500 2300 et
518 2237 713 2318 integraliter
733 2238 917 2315 solutorum,
937 2241 1122 2322 promittens
1144 2240 1261 2302 eisdern
1283 2239 1420 2302 dominis
1441 2258 1523 2316 meo,
1550 2237 1625 2300 dicte

331 2329 439 2391 rixeris
467 2347 535 2390 mee
560 2347 618 2390 neo
643 2345 707 2390 non
728 2326 927 2391 Heidcnricib
955 2349 991 2392 ac
1011 2330 1145 2393 aliorum
1166 2347 1311 2392 meorum
1332 2329 1470 2392 filiorum
1493 2335 1524 2392 et
1545 2328 1625 2390 hera

329 2420 422 2482 dum⁰
452 2419 581 2480 nomine
608 2417 646 2480 de
676 2418 766 2481 dictis
794 2420 878 2500 agris
906 2420 967 2484 sub
993 2422 1077 2484 iusta
1105 2421 1279 2502 quantitate
1305 2426 1336 2482 et
1355 2437 1505 2482 mensura
1527 2417 1624 2480 debita

329 2529 383 2591 pre
410 2509 497 2570 omni
524 2508 723 2589 impetioione
751 2507 888 2572 debitam
910 2529 1033 2594 semper
1050 2510 1253 2574 warandiam.
1294 2509 1503 2572 Indulserunt
1523 2514 1623 2572 autern

330 2599 403 2661 dicti
429 2598 549 2660 domini
576 2598 653 2659 mihi
684 2605 714 2661 et
744 2598 913 2663 heredibus
933 2603 1013 2664 meis
1033 2601 1180 2684 predictis
1200 2606 1326 2684 propter
1346 2599 1441 2662 deum
1463 2619 1504 2662 ex
1524 2599 1625 2680 gracia

329 2695 359 2750 et
380 2689 486 2750 favore
509 2686 647 2769 speciali,
676 2689 760 2769 quod
782 2708 839 2770 ego
861 2697 916 2752 aut
936 2691 1010 2773 ipsi,
1038 2692 1293 2773 quandocunque
1318 2689 1451 2752 facultas
1480 2688 1569 2750 nobis
1596 2697 1625 2748 et

329 2778 524 2858 oportunitas
545 2776 682 2852 affuerit,
711 2779 810 2842 dictos
832 2799 923 2861 agros
942 2780 1080 2844 ¹reemere
1100 2782 1273 2864 poterimus
1294 2801 1351 2863 pro
1371 2779 1520 2842 undecim
1539 2797 1624 2840 sexa·

327 2869 418 2948 genis
438 2887 621 2948 grossorum
644 2869 765 2932 usualis
786 2877 816 2932 ct
838 2869 933 2932 debiti
956 2873 1146 2953 pagamenti,
1172 2881 1203 2934 et
1225 2871 1283 2934 hoc
1305 2869 1523 2934 tantummodo
1546 2867 1625 2930 infra

329 2964 466 3040 quatuor
484 2977 584 3021 annos
606 2979 624 3021 a
644 2959 723 3021 festo
745 2961 917 3024 nativitatis
931 2959 1044 3024 Christi
1064 2961 1209 3044 proximo
1226 2963 1375 3024 continue
1394 2957 1624 3031 subsecuturos

329 3049 386 3110 hoc
407 3068 534 3131 quoque
556 3067 631 3111 sane
651 3069 814 3130 expresso,
841 3051 942 3132 quod,
969 3051 995 3114 si
1027 3052 1103 3134 quid
1130 3051 1162 3114 in
1184 3052 1366 3114 memoratis
1387 3051 1471 3132 agris
1491 3055 1624 3131 tempore

329 3140 425 3202 huius
448 3138 552 3201 nrodi‘l
573 3141 780 3221 reempcionis
801 3147 872 3204 actu
895 3142 1085 3204 seminatum
1105 3142 1226 3220 fucata,
1252 3141 1395 3223 prefatis‘
1421 3139 1556 3202 dominis
1573 3139 1623 3200 in‘

329 3229 422 3292 Porta
443 3227 611 3310 pertinebit
632 3230 784 3294 totaliter*l
807 3237 837 3294 et
858 3233 953 3295 cedet.
998 3233 1150 3296 Additum
1176 3239 1223 3295 cst
1244 3232 1359 3310 eciam,
1386 3229 1486 3316 quod,
1513 3229 1538 3292 si
1559 3246 1623 3310 pre

330 3319 418 3382 libati
450 3319 570 3381 domini
602 3318 770 3384 Fortenses
797 3322 878 3384 infra
911 3321 1066 3404 prefixum
1100 3329 1236 3404 quatuor
1268 3339 1424 3384 annorum
1457 3318 1622 3382 terminum

328 3409 421 3472 talem
447 3409 671 3490 reenrptionenr
698 3429 786 3473 anre
810 3414 877 3474 auti
901 3414 1071 3494 prenotatis
1094 3413 1171 3474 meis
1188 3411 1357 3474 heredibus
1372 3409 1533 3472 occasione
1547 3407 1623 3469 sorte

327 3498 379 3562 vel
410 3518 449 3561 ex
476 3518 570 3562 causa
599 3499 812 3580 adversitate,
841 3502 925 3585 qued
953 3500 1047 3582 absit,
1073 3503 1105 3564 in
1129 3501 1220 3565 dictis
1243 3501 1333 3564 bonis
1354 3519 1394 3564 ex
1415 3505 1503 3583 parte
1523 3503 1623 3560 nostra

328 3609 384 3652 seu
405 3595 584 3652 nostrorum
608 3589 757 3653 heredum
781 3597 836 3654 aut
858 3592 1072 3674 qualicunque
1097 3592 1248 3655 incidenti
1271 3592 1397 3655 sinistro
1417 3591 1573 3672 exigerent
1592 3591 1623 3648 et

327 3680 539 3761 requirerent,
563 3680 664 3761 ipsam
695 3681 797 3744 faeere
827 3680 1013 3745 deberemus
1041 3683 1110 3745 sine
1130 3682 1376 3745 contradictione
1399 3679 1563 3764 qualibed,
1580 3695 1621 3738 ex

328 3777 413 3852 parte
439 3775 543 3830 tamen
572 3770 713 3851 ipsorum
740 3771 939 3834 dominorum
968 3771 1006 3834 ad
1037 3772 1205 3835 dimidium
1233 3791 1354 3834 annum
1381 3777 1455 3834 ante
1477 3786 1566 3851 super
1585 3785 1622 3828 eo

327 3860 491 3921 ammoniti
518 3867 548 3921 et
570 3860 691 3922 notorie
719 3861 871 3940 requisiti.
918 3861 955 3922 In
985 3881 1120 3943 querum
1149 3863 1292 3924 omniurn
1321 3860 1418 3923 robur
1444 3865 1476 3922 et
1499 3856 1623 3922 evidens

327 3949 560 4024 testimonium,
587 3950 662 4031 quia
689 3951 812 4032 proprio
843 3951 946 4032 sigillo
976 3970 1079 4030 caree,
1110 3969 1239 4034 presens
1272 3951 1424 4032 scriptum
1451 3949 1490 4012 ad
1520 3965 1624 4032 preces

326 4058 413 4102 meas
435 4039 643 4121 coniugisque
665 4059 733 4102 nree
755 4040 894 4104 Elisabet
915 4060 951 4103 ac
971 4040 1153 4104 Heidcnrici
1180 4041 1245 4103 nati
1272 4041 1334 4103 mei
1361 4045 1469 4102 nostro
1490 4047 1520 4103 et
1541 4039 1624 4100 hene-

327 4129 403 4191 dum
437 4130 629 4192 nostrorum¹
663 4132 792 4194 nomine
829 4131 931 4213 sigillo
961 4130 1154 4196 honorabilis
1185 4137 1216 4194 et
1244 4130 1381 4211 religiosi
1419 4131 1479 4194 viri
1510 4126 1622 4192 donini

327 4217 509 4301 Wolphardi
542 4220 691 4302 prepositi
729 4224 954 4285 canonicorum
985 4221 1179 4304 regularium
1212 4222 1313 4284 sancti
1343 4218 1489 4283 Mauricii
1520 4218 1624 4282 Nnen-

328 4308 494 4390 burgensis
519 4329 708 4390 recognosco
736 4313 917 4394 sigillatum.
960 4311 1000 4374 Et
1026 4332 1083 4374 nos
1105 4311 1317 4394 Wolphardus
1347 4309 1396 4372 dei
1424 4311 1528 4391 gracia
1553 4323 1624 4388 prn-

327 4401 447 4480 positus
487 4401 711 4462 canonicorum
752 4403 944 4484 regularium
985 4404 1085 4466 sancti
1117 4401 1260 4465 llarrricii
1298 4419 1394 4482 prope
1431 4395 1622 4476 Nuenburglr

328 4490 581 4570 recognoscimus
619 4510 678 4553 nos
716 4492 755 4553 ad
789 4494 959 4574 peticiones
994 4493 1128 4555 obnixas
1160 4499 1190 4554 et
1219 4496 1348 4572 rogatus
1376 4487 1551 4552 Heidcnrici
1582 4484 1623 4546 de

327 4575 480 4656 Rosbach‚
516 4578 655 4643 Elisabet
684 4601 740 4646 sue
767 4584 958 4646 conthoralis
990 4603 1025 4646 ac
1047 4581 1230 4646 Heidcnrici
1259 4581 1325 4642 nati
1356 4579 1457 4664 ipsius
1487 4573 1619 4662 sigillum
