3392 5150
318 365 371 420 264
693 365 923 422 Urkundenbuolr
942 367 990 422 des
1008 368 1134 424 Klosters
1153 369 1254 424 Plorte.

401 514 568 580 Universis
590 516 706 581 Christi
731 517 883 583 fidelibus
908 524 1088 604 presentem
1108 521 1246 585 litteram
1268 521 1384 586 visuris
1404 519 1570 604 Llutolfus]
1587 527 1611 584 et

319 603 515 687 Hicinricus]
543 607 657 670 hanes
684 608 801 671 milites
829 609 905 672 dicti
932 610 971 673 de
992 610 1148 676 Berlstete
1178 613 1312 676 salutem
1335 614 1367 674 in
1397 613 1525 675 domino
1544 631 1611 675 senr-

319 696 483 778 piternam.
512 695 667 772 Quoniam
685 697 877 780 simplicium
891 701 1078 764 innocencio
1094 702 1281 766 insidiarum
1297 703 1430 784 laqueos
1445 703 1612 783 frequenter

319 785 423 848 tendit
436 788 582 850 versucia
600 787 822 870 malignorum,
843 790 889 852 ita
907 790 992 872 quod
1015 811 1121 855 rerum
1143 793 1315 876 cupiditate
1338 793 1523 856 accensam
1545 792 1612 854 beno

319 880 350 938 et
375 875 610 940 racionabiliter
644 878 742 959 gestis
773 878 986 963 calumpniam
1016 901 1090 964 sepe
1119 887 1233 961 struat,
1262 902 1325 964 qua
1353 888 1481 966 propter
1504 883 1542 945 ed
1564 881 1612 944 her

319 966 521 1047 precavenda
546 985 605 1030 nos
625 967 772 1032 Lutoltus
798 973 830 1031 et
850 969 1022 1033 Heinricus
1043 972 1157 1036 nanos
1183 972 1258 1035 dicti
1281 972 1320 1036 de
1341 972 1498 1036 Berlstete
1518 979 1612 1036 tenore

318 1056 516 1136 presentium
534 1058 792 1139 recognoscimus
811 1066 843 1121 et
863 1059 989 1141 publice
1012 1061 1207 1142 profitemur,
1230 1063 1316 1143 quod
1337 1081 1394 1124 nos
1416 1069 1481 1125 tres
1501 1081 1613 1124 nrarrsos¹

319 1149 351 1207 et
381 1144 602 1208 molendinum
634 1148 712 1210 sitos
743 1149 776 1210 in
799 1148 1009 1213 Obertrebere
1039 1170 1099 1212 neo
1130 1169 1194 1214 non
1226 1171 1372 1214 mansum
1400 1159 1432 1214 et
1460 1151 1611 1214 dimidium

320 1234 397 1297 sitos
428 1233 461 1295 in
488 1234 654 1300 Eberstete
680 1257 754 1300 cnm
784 1237 932 1302 omnibus
960 1240 1027 1302 suis
1052 1241 1250 1322 pertinentiis
1280 1241 1484 1306 vendidimus
1512 1242 1565 1302 rite
1587 1251 1614 1300 rt

320 1323 557 1388 racionabiliter
589 1325 718 1390 domino
749 1327 854 1390 abbati
891 1337 922 1392 et
948 1331 1120 1391 conventui
1147 1332 1331 1394 monasterii
1360 1331 1398 1394 de
1428 1330 1536 1405 Porta,
1566 1331 1612 1409 qui

320 1411 426 1491 nobis,
454 1413 607 1495 quicquid
635 1418 863 1500 promiserunt,
889 1418 1085 1500 integraliter
1112 1419 1339 1500 persolverunt.
1381 1420 1484 1502 Igitur
1508 1419 1531 1482 si
1553 1419 1614 1499 quis

320 1507 465 1566 nostrum
491 1523 548 1568 seu
576 1505 731 1570 heredum
758 1508 808 1571 vel
830 1509 1159 1590 consanguineorum·
1184 1513 1363 1572 nostrorum
1385 1509 1511 1571 racione
1531 1507 1615 1569 huius

319 1597 501 1657 contractus
517 1596 602 1657 omni
619 1596 731 1660 timore
745 1599 917 1681 postposito
934 1617 989 1680 pro
1006 1597 1119 1678 grandi
1135 1597 1186 1661 vel
1202 1617 1300 1681 parvo
1311 1598 1471 1681 predictos
1481 1596 1612 1660 abbatem

320 1687 351 1744 et
366 1688 560 1747 conventum
575 1685 715 1769 impetat,
736 1687 813 1770 ipsis
826 1687 974 1749 iniuriam
994 1688 1127 1770 irrogari
1148 1687 1274 1771 publice
1296 1688 1491 1771 profitemur.
1521 1685 1615 1749 Huius

320 1773 366 1835 rei
394 1793 491 1836 causa
518 1776 657 1858 presenti
685 1777 798 1859 pagine
826 1776 965 1860 sigillum
986 1783 1144 1857 nostrum,
1173 1797 1236 1859 qno
1258 1778 1470 1841 commtmiter
1500 1777 1615 1845 utimur,

321 1860 473 1926 duximus
509 1866 742 1948 apponendum.
797 1865 915 1929 Datum
952 1884 1036 1928 anno
1073 1866 1193 1929 domini
1224 1876 1554 1946 Mopgofflopfflg
1588 1867 1614 1926 in

321 1956 433 2014 octava
453 1955 668 2035 apostolorum
691 1955 775 2019 Petri
800 1963 832 2019 et
852 1954 953 2018 Pauli.

390 2097 402 2125 ²
419 2077 703 2159 cuneangdreneorum

322 2306 428 2388 1278.
454 2306 550 2392 Jull
577 2307 616 2388 6.
1535 2309 1617 2394 262.

403 2443 526 2523 Intdolf
545 2451 604 2505 von
625 2441 781 2506 Berlsdedi
807 2443 970 2518 belundo,
996 2443 1071 2505 dues
1092 2463 1125 2506 er
1144 2443 1213 2505 aad
1235 2444 1302 2505 ann
1324 2443 1455 2507 Bruder
1477 2443 1620 2507 Heinridt

361 2533 420 2596 das
449 2531 701 2596 Parronatsrectr
726 2553 770 2594 aaa
798 2533 853 2595 der
877 2532 992 2596 Kirdae
1022 2533 1055 2595 in
1080 2533 1259 2596 Oberlrcbro
1288 2533 1355 2596 dem
1379 2534 1501 2598 Kloslcr
1520 2535 1620 2614 Psorte

359 2622 538 2687 arctasset
557 2623 626 2686 und
645 2621 814 2686 deuselbcn
835 2623 902 2702 1¹12
923 2621 1013 2704 Hofe
1030 2622 1066 2684 in
1086 2623 1248 2686 Ebcrstcdt
1268 2624 1417 2703 oniensi
1433 2624 1546 2700 aare,
1567 2643 1620 2687 wc

361 2733 419 2777 von
438 2713 506 2776 den
521 2711 641 2778 Plebon
661 2732 720 2775 oon
740 2709 920 2776 Oberlrelara
933 2711 1073 2792 jdltrla'ola
1095 2714 1154 2794 1¹la
1173 2713 1323 2796 Vicrdiny
1341 2734 1384 2778 au
1403 2713 1513 2777 achion
1532 2714 1585 2777 sei.

471 2838 605 2894 naeu„-
624 2838 654 2892 n
671 2829 725 2892 rel
744 2839 795 2906 (aa,
809 2837 1009 2906 oncense).

471 2943 581 2998 ouer:
600 2944 733 2998 neuen:
760 2945 892 3011 waffrr,
910 2948 970 3001 aas.

401 3070 569 3136 Universis
581 3071 697 3134 Christi
710 3071 862 3136 fidelibus
876 3079 1056 3156 presentem
1071 3074 1207 3138 litteram
1224 3075 1340 3138 visuris
1351 3069 1522 3156 [lutolfus]
1538 3075 1626 3138 mile>

320 3161 424 3224 dictus
442 3160 481 3224 de
494 3160 648 3224 Berletete
670 3162 805 3224 salutern
827 3163 858 3223 in
883 3161 1011 3225 domino
1031 3163 1263 3246 sempiternam.
1290 3163 1411 3228 Tenere
1432 3166 1626 3247 presentium

320 3251 592 3332 recognoscimus,
620 3250 704 3331 quod
733 3251 784 3312 ius
812 3257 997 3335 patronatus
1018 3253 1152 3316 ecclesie
1174 3254 1232 3318 site
1251 3255 1285 3316 in
1307 3256 1463 3337 superiori
1482 3255 1628 3320 Trebem.

320 3340 405 3421 quod
429 3340 470 3403 ad
496 3359 555 3403 nos
580 3346 612 3404 et
632 3339 763 3402 nauem
784 3345 927 3403 nostnun
950 3339 1163 3422 Hleinricuml
1184 3343 1254 3407 iure
1275 3342 1467 3408 hereditario
1490 3346 1628 3428 pertine-

319 3429 386 3509 bat,
412 3430 559 3494 Portensi
579 3431 772 3494 monasterio
792 3431 987 3494 contulimus
1006 3451 1064 3514 pro
1086 3433 1227 3496 remedio
1250 3433 1355 3496 anime
1377 3439 1485 3497 nostre
1507 3439 1544 3498 et
1560 3455 1630 3517 pro·

319 3519 500 3600 genitorum
515 3525 696 3582 nostrorum
717 3519 892 3583 liberaliter
913 3527 945 3582 et
965 3521 1087 3583 devote.
1119 3519 1389 3604 Recognoscimus
1412 3523 1524 3602 etiam,
1549 3523 1631 3605 quod

319 3627 466 3672 mansum
499 3614 531 3671 et
562 3609 729 3672 dimidium
761 3610 838 3672 sitos
868 3609 900 3671 in
925 3608 1083 3674 Ebirstetc
1116 3611 1258 3694 predicto
1289 3613 1482 3676 monasterio
1517 3614 1580 3678 rite
1606 3625 1633 3674 et

318 3697 554 3762 racionabiliter
590 3699 807 3771 vendidimus,
846 3699 877 3760 in
912 3699 1028 3780 quibus
1058 3700 1213 3784 plebanus
1242 3702 1281 3765 de
1310 3702 1467 3785 superiori
1492 3701 1631 3766 Trebere

317 3787 416 3850 nichil
437 3788 517 3851 iuris
537 3787 633 3851 habet
656 3788 792 3872 amplius
814 3807 909 3869 quam
931 3789 1087 3852 fertonem
1109 3797 1142 3854 et
1162 3791 1339 3860 dimidium,
1361 3793 1416 3872 qui
1434 3791 1547 3856 eidem
1568 3791 1632 3855 dari

319 3875 413 3940 debet
445 3879 538 3942 annis
569 3877 703 3960 singulis
739 3897 758 3939 a
790 3877 966 3940 cultoribus
995 3877 1188 3942 eorumdem.
1239 3880 1292 3943 Ad
1321 3899 1457 3961 quorum
1483 3883 1632 3945 omniunt

318 3966 531 4030 ostensionem
561 3973 592 4030 et
612 3966 836 4050 probacionem
858 3967 1071 4031 sufficientem
1092 3970 1192 4051 parati
1215 3989 1326 4033 sumus
1347 3976 1379 4033 et
1399 3971 1526 4035 erimus
1548 3991 1633 4036 nnnc

318 4059 350 4117 et
380 4074 513 4139 semper.
566 4055 628 4119 Sed
660 4055 736 4137 quia
765 4061 882 4120 terram
914 4055 953 4118 ad
985 4076 1116 4140 presens
1147 4059 1266 4122 intrare
1292 4077 1358 4122 non
1376 4078 1557 4142 possumus
1579 4081 1634 4125 ner

318 4144 485 4226 audemus
513 4151 692 4228 presentem
720 4145 859 4208 litteram
889 4145 991 4228 sigillo
1022 4153 1130 4210 nostro
1159 4149 1429 4212 communivimus
1453 4149 1488 4210 in
1520 4151 1632 4216 houuu

317 4234 461 4296 omnium
476 4235 699 4299 certitudinem
717 4234 900 4319 pleniorem.
932 4234 1050 4298 Datum
1068 4254 1151 4300 anno
1164 4237 1284 4300 domini
1296 4246 1344 4301 Μο
1354 4247 1414 4302 00⁰
1426 4247 1531 4302 ΒΧΧ0
1544 4247 1639 4306 v1110.

317 4323 350 4385 in
372 4331 483 4387 octaua
504 4324 719 4408 apostolorum
741 4323 827 4387 Petri
850 4332 882 4386 et
902 4323 1003 4388 {Pauli

922 4514 929 4518 .
947 4513 1095 4522 ——o-h--...
