3402 5152
309 361 362 420 386
691 361 924 420 Urlrundeubnch
942 365 990 422 dee
1009 365 1135 424 Klostere
1154 367 1255 423 Psorte.

312 519 371 578 rite
392 535 428 578 ac
449 515 682 578 racionabiliter
700 536 801 579 uniam
825 537 971 582 nransnm
995 521 1091 584 situm
1115 523 1146 583 in
1169 541 1249 604 pago
1270 519 1345 582 ville
1363 518 1523 583 Tarnstetc
1540 539 1593 580 curn

313 626 385 669 area
412 627 476 669 una
503 607 541 667 ad
568 607 674 687 ipsum
703 607 878 688 pertinente
910 628 965 671 sen
995 610 1064 672 aliis
1092 610 1299 693 appendiciis,
1320 609 1494 672 solventem
1515 628 1592 671 naun

313 697 450 758 lotonem
478 697 600 776 argenti
629 697 811 775 annuatim,
839 717 933 778 quern
965 701 1092 781 quidem
1119 720 1267 763 inausum
1296 701 1328 762 in
1357 701 1451 762 leudo
1478 699 1594 761 habnia

313 787 411 851 nobili
445 787 511 848 viro
545 786 673 848 domino
702 785 839 848 tltthone
868 787 1036 870 burgravio
1062 790 1101 852 de
1121 789 1314 872 Kirchberg‚
1340 791 1393 852 cui
1419 790 1521 852 comit¹
1544 807 1594 871 pre·

271 893 276 902 ’
311 878 431 940 fatuml
460 895 609 938 mansum
641 877 741 938 eciam
768 875 865 940 libere
894 880 1052 961 resignavi
1085 900 1143 962 per
1170 899 1257 943 meas
1287 885 1410 962 apertas
1441 880 1551 943 litteras
1574 886 1595 938 et

312 973 463 1052 patentes.
510 967 655 1030 Preterca
686 966 814 1029 domiuo
842 968 998 1031 ..abbati
1028 976 1058 1032 et
1085 972 1255 1034 conventui
1285 971 1335 1033 de.
1354 970 1448 1033 l‘orta
1469 969 1594 1053 predictis

311 1058 438 1123 vendidi
471 1059 568 1120 eciam
602 1057 760 1140 quoddam
794 1063 952 1120 carectum
989 1060 1020 1124 iu
1054 1080 1133 1143 pago
1169 1059 1242 1122 ville
1278 1065 1463 1139 memorate,
1500 1059 1595 1122 scilicet

309 1149 501 1226 Tarnstcthe‚
523 1147 606 1231 quod
629 1147 788 1210 lohannes
810 1150 916 1212 senior
937 1149 1010 1212 ville
1032 1151 1178 1233 possidet
1207 1151 1334 1212 solvens
1355 1171 1455 1212 tanum
1480 1149 1594 1212 lotorem

312 1241 409 1304 eciam
442 1239 614 1300 spatiatim.
666 1236 734 1300 Hoc
769 1241 874 1300 omnia
907 1257 1002 1321 supra
1034 1243 1149 1322 scripta
1182 1241 1333 1302 fratribus
1364 1239 1403 1303 de
1436 1240 1541 1320 Porta,
1572 1247 1597 1300 nt

313 1335 429 1394 dictum
462 1337 523 1410 cst,
554 1347 610 1410 pro
642 1335 778 1410 quatuor
811 1331 925 1390 naarcis
955 1329 1018 1391 albi
1050 1332 1169 1412 argenti
1200 1333 1321 1392 tertona
1348 1331 1456 1392 minus
1481 1330 1598 1402 vendidi,

310 1421 488 1505 presentari
519 1425 550 1481 et
577 1417 751 1481 contradidi
782 1437 855 1481 cum
889 1422 1037 1482 universo
1065 1422 1148 1500 iure,
1175 1420 1322 1498 utilitate,
1350 1422 1505 1500 dominio,
1529 1419 1597 1503 qnod

311 1511 390 1576 mihi
416 1510 466 1572 uel
493 1511 571 1572 meis
598 1508 768 1571 heredibus
797 1511 830 1570 in
853 1509 914 1572 hiis
936 1510 1027 1572 bonis
1048 1510 1244 1594 competebat
1266 1529 1323 1574 seu
1346 1511 1510 1574 videbatur
1529 1529 1599 1572 com-

311 1609 416 1684 petere
448 1619 576 1684 quoquo
608 1599 710 1662 modo.
763 1600 812 1661 Ad
843 1600 1036 1662 warandiam
1066 1619 1141 1662 vero
1174 1600 1350 1663 secundum
1383 1607 1499 1666 statim]
1533 1607 1599 1662 terre

310 1709 512 1755 communem
544 1709 595 1752 me
626 1689 730 1770 obligo
760 1709 815 1772 per
846 1698 1015 1772 presentes.
1063 1689 1110 1753 Ob
1142 1691 1239 1754 hrrius
1266 1689 1340 1752 facti
1366 1691 1556 1754 evidenciam
1576 1699 1600 1750 et

308 1782 519 1866 perhennem⁰
540 1781 723 1843 memoriam
746 1799 875 1862 presens
897 1782 1049 1863 scripturn
1073 1783 1135 1844 mei
1157 1780 1252 1864 sigilli
1270 1781 1382 1844 robore
1402 1781 1599 1844 confirmatur.

309 1873 415 1936 Testes
445 1875 542 1934 huius
572 1873 615 1933 rei
647 1876 723 1933 sunt
761 1870 930 1933 licinricns
966 1872 1004 1934 de
1043 1871 1233 1935 ltiuirsbercd
1263 1873 1294 1934 in
1328 1873 1437 1935 Sullae
1467 1871 1602 1939 residem,

310 1965 459 2026 dominns
477 1962 687 2024 Theodericus
706 1961 860 2044 plebanus
882 1962 913 2023 in
937 1961 1078 2038 Trebere,
1098 1962 1264 2025 Geltradus
1285 1963 1458 2025 advocatus
1480 1963 1509 2022 in
1531 1959 1601 2020 ldct-

308 2054 517 2135 hardesberge
546 2059 576 2113 et
611 2071 706 2134 quam
746 2051 851 2133 plures
883 2052 937 2112 alii
968 2050 1028 2114 tide
1059 2053 1155 2135 digni.
1207 2055 1285 2114 Acta
1318 2060 1394 2115 sunt
1426 2053 1501 2114 hec‘
1526 2069 1599 2112 anno

308 2145 429 2207 domini
451 2151 588 2206 M⁰CCO⁰
610 2143 730 2223 quinto,
751 2147 841 2203 sexto
864 2141 938 2203 idus
961 2141 1077 2205 Marcii.

209 2333 212 2340 ,
380 2281 523 2352 ³expresa
543 2281 568 2333 Τ
659 2269 851 2358 bdictumD
946 2279 1189 2350 cperhenrramT
1274 2269 1499 2334 dliuirabereT
1528 2276 1602 2332 cbirs·

309 2361 376 2434 berg
396 2361 425 2414 D
496 2358 696 2431 eeckirsberge
716 2359 745 2413 D
816 2351 949 2414 ¹Datunr
967 2360 997 2412 D

835 2515 909 2520 --...—
929 2515 1009 2520 -u—
1019 2515 1083 2522 ...—

308 2557 424 2640 1305».
451 2557 569 2637 tlara
586 2557 648 2637 ll).
1517 2557 1601 2638 toa.

388 2693 505 2756 Eckart
537 2689 639 2754 Recta
670 2711 728 2756 non
761 2691 857 2754 Salac
888 2691 1036 2772 vernunst
1067 2693 1223 2757 Scirulden
1253 2693 1360 2756 holder
1389 2693 1457 2756 dem
1490 2695 1605 2757 Klostrr

346 2783 457 2955 §Imp
475 2781 626 2936 thldufc
648 2783 716 2844 nard
738 2787 755 2844 1
777 2781 850 2864 Hos
864 2783 900 2845 ia
922 2781 1028 2859 Salac,
1051 2783 1103 2845 die
1124 2805 1156 2846 cr
1178 2805 1234 2847 oon
1256 2783 1425 2847 denselbcu
1446 2804 1487 2846 zu
1510 2783 1603 2846 Letoa

458 2981 594 3046 Hdacir'w
617 2993 706 3045 T230.
736 2981 827 3045 11761ι
848 2991 899 3058 (tit.
910 2991 1077 3058 Gerustctc).

456 3085 568 3139 Druck:
586 3085 720 3138 Bartsch:
743 3083 828 3150 Wolff
841 3083 882 3150 H,
902 3087 961 3137 314.

389 3197 454 3278 Ego
481 3197 687 3260 Echehardus
716 3196 806 3258 miles
834 3194 873 3258 de
895 3195 989 3259 Solae
1017 3214 1208 3278 recognosco
1237 3200 1267 3257 et
1289 3197 1482 3278 presentium
1505 3201 1605 3257 tenorc

307 3288 429 3350 declaro
453 3289 611 3350 universis
624 3286 738 3349 Christi
759 3286 918 3362 fidelibus,
939 3287 1056 3368 quibus
1078 3305 1171 3348 nosse
1190 3285 1285 3348 fuerit
1304 3293 1504 3369 oportunum,
1524 3282 1604 3365 qirod

306 3385 431 3460 propter
452 3377 665 3440 intolerabiles
687 3377 863 3440 debitorum
888 3395 1050 3459 pressuras
1072 3377 1110 3438 de
1132 3379 1293 3438 communi
1317 3383 1348 3440 et
1370 3377 1510 3439 unanimi
1533 3392 1603 3434 con-

307 3487 402 3530 sensu
437 3475 532 3550 atque
561 3467 599 3530 de
625 3486 774 3550 expressa
796 3467 958 3529 voluntate
981 3467 1124 3529 omnium
1146 3467 1296 3529 heredum
1318 3485 1461 3530 meorum
1485 3461 1604 3527 vendidi

308 3558 546 3621 honorabilibus
579 3559 655 3620 viris
694 3557 821 3620 domino
846 3556 1035 3619 Theoderico
1070 3556 1176 3620 abbati
1207 3563 1237 3620 et
1268 3559 1439 3621 conventui
1467 3553 1604 3620 Portensi

307 3649 365 3710 rite
392 3668 428 3710 ac
454 3648 682 3710 rationabiliter
709 3649 875 3710 dimidium
908 3667 1056 3710 mansum
1084 3649 1179 3711 situm
1208 3649 1239 3709 in
1267 3650 1387 3730 campis
1414 3648 1489 3728 ville
1512 3643 1605 3722 Sulci:

306 3759 380 3800 cum
408 3759 479 3802 area
508 3759 572 3801 una
599 3740 636 3799 ad
666 3741 771 3820 ipsum
799 3741 991 3820 pertinente,
1017 3739 1191 3801 solventem
1218 3737 1371 3801 fertonem
1392 3747 1423 3800 et
1444 3736 1602 3801 dimidium

306 3831 398 3892 annis
428 3830 574 3912 singulis
616 3849 710 3910 quem
744 3829 861 3891 scilicet
893 3829 1059 3891 dimidium
1093 3845 1239 3890 mansum
1268 3827 1478 3892 Theodericus
1506 3827 1604 3888 dictus

306 3919 470 3982 Alterman
500 3921 592 3982 etiam
624 3921 794 4002 aliquando
823 3919 963 3990 coluerat
988 3925 1018 3980 et
1044 3921 1191 4002 possedit.
1240 3918 1281 3982 Et
1310 3921 1385 4001 qnia
1414 3919 1452 3982 ab
1481 3914 1604 3982 ecclesia

305 4008 452 4072 Portensi
482 4010 647 4072 dimidium
678 4029 825 4072 mansum
853 4011 915 4070 iam
945 4010 976 4070 iu
1005 4009 1221 4091 superioribus
1247 4018 1448 4092 prenotatam
1467 4012 1496 4070 in
1518 4002 1605 4068 feodo

306 4099 417 4178 habui,
446 4100 562 4162 idcirco
591 4121 663 4163 enm
695 4101 822 4164 domino
840 4099 1028 4162 Theoderico
1055 4100 1160 4162 abbati
1181 4100 1218 4162 de
1244 4099 1334 4162 Porta
1360 4101 1487 4163 collecta
1510 4110 1604 4159 manu

308 4209 365 4272 ego
388 4197 418 4252 et
440 4211 549 4254 omncs
571 4191 701 4254 heredes
724 4193 786 4253 mci
813 4190 927 4252 liberc²
954 4191 1206 4272 resignavimusb
1234 4190 1495 4253 abrenunciantes
1520 4180 1603 4247 oraui

305 4283 382 4360 iuri,
413 4281 553 4358 utilitati,
580 4283 733 4360 dominic,
756 4280 839 4362 quod
863 4279 953 4342 nobis
975 4281 1008 4342 in
1031 4281 1088 4342 hoc
1112 4281 1241 4343 dimidio
1264 4299 1374 4343 manso
1396 4279 1528 4364 conpetit
1549 4289 1604 4335 sen

310 4380 475 4452 conpetere
497 4371 670 4447 videbatur,
694 4373 732 4434 ad
755 4391 847 4433 usum
869 4371 1001 4432 fratrum
1011 4370 1213 4434 Portensium
1229 4370 1365 4434 totaliter
1381 4371 1606 4458 transferentes:

310 4460 361 4522 Ad
381 4463 493 4524 horum
517 4465 659 4525 omnium
683 4462 913 4524 evidenciorem
941 4462 1087 4523 noticiam
1109 4481 1240 4544 presens
1261 4463 1413 4544 scriptum
1434 4457 1524 4542 sigilli
1544 4467 1606 4514 11191

305 4553 485 4615 testimonio
505 4553 679 4617 roboratur.
719 4551 826 4616 Testes
846 4553 943 4614 huius
964 4554 1009 4614 rei
1031 4559 1107 4616 sunt
1127 4551 1298 4618 Heinricus
1326 4551 1364 4614 de
1386 4549 1549 4616 Euirsbere
1568 4541 1603 4599 111
