3392 5150
456 443 459 452 ,
554 389 603 450 Nr.
614 391 761 446 320-321.
781 389 857 444 1296.
1309 392 1360 446 309

133 542 321 606 Reverendo
339 542 468 605 domino
480 561 547 618 sun,
558 539 726 622 Blrunonil
740 540 987 624 Nuenburgensi
1002 543 1158 626 episeopo,
1180 538 1358 624 hilbertus]

68 633 109 696 dei
128 633 233 714 gracia
252 632 424 716 Thuringie
445 632 659 714 lantgravius*
682 639 714 694 et
735 630 873 695 Saxonie
895 651 1002 696 eomes
1022 633 1181 715 palatinus
1201 631 1234 693 in
1257 631 1359 694 omni-

68 721 117 783 bus
150 721 319 784 servicium
353 721 495 786 debitum
535 727 567 784 et
599 727 753 805 paratum.
805 722 855 784 Ad
893 722 1082 786 instanciam
1123 720 1357 784 honorabilium

68 813 207 882 virorum,
229 811 349 874 domini
372 811 494 874 abbatis
516 812 554 874 de
572 811 666 876 Porta
688 818 720 874 et
741 818 918 876 conventus
934 811 1066 886 ibidem,
1088 831 1233 874 mansum
1257 830 1357 874 unum

67 921 150 984 prope
172 900 280 963 villam
303 899 493 982 Aldenburg
515 902 624 978 situm,
651 921 746 982 quem
769 900 940 964 Ernfridos
966 901 1125 982 quondam
1153 901 1357 976 monetarius,

67 987 242 1073 Clonradus]
266 991 369 1054 dietus
391 989 522 1054 ‹lolloro
545 987 816 1072 etHorlnrannns]
843 989 989 1054 dorthin
1015 992 1102 1054 oives
1125 990 1358 1072 Nuenburgen-

67 1099 108 1142 ses
130 1101 148 1142 a
171 1080 264 1144 nobis
283 1083 316 1142 in
338 1081 432 1144 feodo
455 1081 617 1164 possident
640 1099 799 1162 quemque
820 1101 838 1142 a
860 1079 951 1144 vobis
970 1080 1116 1144 similiter
1137 1081 1239 1160 tytulo
1258 1081 1357 1162 possi-

66 1170 165 1234 demus
184 1171 320 1245 feudali,
345 1171 384 1234 arl
414 1190 528 1234 uranus
555 1177 677 1234 vestras
696 1170 898 1253 presentibus
920 1171 1119 1252 resignamus
1141 1176 1288 1252 rogantes
1308 1172 1358 1234 in·

66 1261 131 1324 timo
156 1281 229 1326 eum
252 1262 384 1338 affeetu,
411 1267 570 1344 quatenus
597 1262 821 1346 proprietatem
846 1261 942 1324 huius
974 1261 1075 1324 mansi
1102 1260 1143 1323 ad
1170 1259 1357 1324 Portensem

65 1351 218 1414 ecelesiam
239 1353 411 1416 transferre
434 1351 609 1434 dignemini
623 1371 719 1416 causa
730 1353 828 1414 nostri
839 1357 871 1414 et
882 1351 1098 1436 principaliter
1109 1356 1237 1434 propter
1252 1350 1356 1414 deum.

124 1483 200 1543 ’Ἧι
220 1484 392 1554 lantgravius
408 1483 493 1541 'Ibun

127 1597 213 1652 lDoa
230 1599 301 1653 Jabr
318 1600 354 1652 iel
370 1597 517 1666 ullerdinps
535 1599 610 1652 nicht
628 1599 703 1667 ι’ὂὶἰίρ
721 1599 814 1664 sicher,
832 1599 898 1654 doch
917 1598 985 1652 mirol
1003 1599 1046 1652 die
1071 1597 1206 1664 Urnaque,
1225 1598 1269 1652 die
1285 1599 1357 1652 uach

62 1679 88 1730 in
105 1678 132 1732 D
147 1680 319 1734 ammittelhor
335 1681 392 1747 aas
406 1679 457 1736 Νι,
477 1680 529 1732 319
545 1679 626 1746 folpt,
645 1695 732 1748 weqea
749 1679 797 1732 dar
812 1695 920 1748 promen
938 1671 1111 1734 slbnlicblceil
1128 1679 1178 1733 mil
1195 1677 1280 1732 dieser
1297 1678 1356 1732 aad

64 1775 141 1826 weyers
163 1759 208 1812 dee
231 1759 401 1813 oerioondtm
419 1759 540 1813 Inlrulteo
563 1776 608 1812 am
627 1760 714 1813 beaten
731 1759 858 1826 marsallo
876 1760 906 1812 iu
922 1760 973 1814 dae
989 1761 1061 1814 naar
1080 1761 1152 1813 1296
1167 1765 1276 1828 peselm
1301 1775 1354 1812 aar·

63 1838 181 1892 rinwich
199 1840 235 1894 ut
252 1838 295 1893 die
313 1839 391 1906 Huse
407 1839 447 1894 bd
466 1839 613 1908 Alteabarp
628 1838 671 1893 die
688 1840 719 1892 ιίι
737 1839 789 1894 Nr.
799 1843 852 1892 321
870 1841 1010 1895 mohhute.

699 1995 847 2002 μ.---

60 2125 168 2211 1296.
195 2129 313 2212 llhm
341 2131 380 2212 9.
408 2131 538 2216 Zella.
1268 2131 1354 2216 321.

134 2263 249 2330 Braao
268 2265 407 2348 Bisulrof
432 2287 491 2331 oon
514 2266 704 2348 Naumbary
735 2268 833 2347 θὶριιεί
863 2267 944 2330 auch
971 2265 1178 2346 Resiqrmtion
1208 2267 1263 2330 der
1292 2267 1355 2330 Be·

96 2353 213 2418 lelmlea
238 2357 275 2436 ¹l4
296 2355 387 2438 nup
407 2357 476 2420 und
502 2361 521 2420 5
541 2356 625 2438 Hiite
645 2359 681 2421 ia
703 2357 891 2438 sibenbaum,
913 2359 1019 2421 eheaso
1039 2356 1107 2420 eina
1126 2357 1246 2420 weltere
1265 2355 1356 2438 Hufe

94 2444 224 2508 dasebst
245 2445 314 2508 dern
335 2446 461 2510 Klouler
484 2445 592 2528 Pforle
610 2465 660 2511 zu.
710 2445 774 2526 Vnt.
796 2445 855 2514 Nr.
880 2451 953 2511 318.
977 2451 1049 2513 319.
1073 2450 1150 2510 320.
1176 2449 1253 2512 323.

202 2577 338 2632 liderla..¹
361 2577 405 2635 Or.
417 2579 491 2648 Perp.
509 2597 560 2633 eon
580 2579 718 2634 &teneor
735 2579 823 2636 Hand
841 2581 900 2649 (apl.
921 2581 998 2635 Poene
1010 2583 1065 2649 20).
1103 2581 1176 2636 Zroei
1194 2581 1238 2648 Sp.
1257 2583 1352 2649 soblem,

253 2658 351 2726 Psorle,
370 2659 521 2712 Bibliotlrelr
537 2661 570 2712 B.
582 2664 622 2712 13.
637 2689 670 2698 —
683 2659 712 2713 D
724 2661 766 2714 60.
791 2660 865 2714 Tea.

201 2765 419 2898 qucfzgpwllff
436 2765 475 2832 11,
494 2770 554 2819 245.
580 2766 634 2835 Vql.
657 2767 780 2833 Lepsios,
801 2765 1140 2835 Ruiaenrlerlltulelrbtap
1151 2771 1194 2822 23.
1232 2767 1354 2833 Boehme,

252 2863 265 2897 ι
331 2845 372 2898 rio
390 2849 484 2899 len37.

134 2966 145 3044 ll
169 2966 205 3029 ln
226 2968 358 3030 nomino
380 2967 508 3030 domini.
550 2971 663 3032 Amen.
707 2969 719 3049 l}
744 2970 853 3034 Brnuo
880 2971 931 3034 dei
960 2971 1061 3052 gratia
1090 2970 1353 3052 Noenbnrgensis

52 3055 184 3119 melesio
205 3057 373 3140 episeopus
395 3058 542 3122 omnibns
564 3060 809 3146 inperpetuum.
852 3061 898 3124 No
910 3079 1017 3124 rerum
1029 3067 1188 3143 gestarum
1201 3061 1354 3124 memoria

54 3155 174 3225 pereat,
199 3147 389 3229 perhennari
416 3147 496 3210 solot
525 3148 678 3230 obsequio
701 3152 885 3214 litterarum.
928 3150 975 3212 Ea
995 3155 1124 3233 propter
1141 3149 1181 3212 ad
1203 3151 1353 3212 noticiam

51 3237 112 3296 tam
134 3237 331 3318 presentium
353 3255 448 3317 quam
470 3238 651 3302 futurorum
672 3242 819 3324 cupimus
840 3242 1021 3322 pervenire,
1050 3239 1134 3320 quod
1156 3259 1215 3302 nos
1237 3240 1276 3302 an
1297 3239 1353 3303 de·

51 3332 158 3386 votam
179 3326 359 3390 instantiam
383 3325 616 3390 honorabilium
643 3331 792 3408 virorum
820 3329 940 3392 domini
965 3329 1151 3392 Theoderici
1179 3329 1302 3392 abbatis
1323 3337 1355 3393 et

49 3422 227 3478 ‹onventus
256 3417 441 3480 monasterii
473 3418 505 3479 in
533 3417 641 3496 l'orta
673 3439 753 3500 quos
782 3420 848 3482 suis
875 3418 1078 3502 exigentibus
1104 3419 1226 3482 meritis
1252 3426 1354 3501 graia

49 3504 180 3606 speoiali
208 3507 433 3588 prosequimur
454 3513 486 3570 et
511 3507 636 3576 favore
672 3509 814 3588 quartale
840 3509 936 3572 unius
966 3509 1068 3571 mansi
1102 3527 1176 3570 eum
1212 3510 1354 3591 quinque

49 3595 132 3658 areis
160 3601 192 3658 et
178 3595 290 3658 taliis
314 3597 381 3660 suis
407 3597 641 3679 pertinentiis
634 3618 666 3660 m
695 3598 828 3662 villaet
816 3599 888 3660 tin
915 3577 1038 3681 eampis
1064 3598 1253 3680 Aldenburg
1279 3601 1356 3678 sitis

47 3685 177 3763 ιμιοᾶ,Ι
170 3705 311 3766 inquam
338 3687 481 3788 quartale
502 3705 576 3748 cum
605 3689 687 3750 areis
707 3707 764 3770 per
784 3689 997 3752 voluntariam
1018 3689 1264 3770 resignationem
1288 3688 1356 3752 (iri-

49 3775 132 3838 stani
162 3774 200 3838 de
224 3775 366 3840 Baohere
390 3777 470 3840 oivis
495 3777 529 3838 in
555 3776 734 3859 Nuenburg
759 3779 861 3861 primo
890 3778 930 3840 od
962 3797 1076 3842 manus
1106 3777 1248 3842 Bertoldi
1278 3778 1355 3842 dieti

45 3863 221 3944 speculum
254 3865 420 3928 castellani
440 3866 472 3927 in
494 3865 782 3945 ltutheleibishero,
808 3868 948 3930 secundo
975 3868 1119 3931 eiusdem
1145 3867 1287 3932 Bertoldi
1316 3868 1355 3930 ad

45 3973 163 4016 manus
184 3953 301 4017 nobihs
321 3955 391 4034 viri,
414 3955 702 4019 dominiMeiuheri
718 3956 881 4038 burgravii
903 3957 941 4020 de
953 3957 1077 4037 Mysna,
1099 3958 1190 4021 tertio
1213 3957 1355 4020 eiusdem

45 4043 172 4106 domini
192 4043 356 4125 burgravii
378 4044 418 4107 ad
439 4063 554 4107 manus
576 4043 708 4108 illustris
730 4047 891 4129 principis,
913 4047 1021 4110 domni
1043 4047 1169 4110 Alberti
1184 4047 1356 4130 Thuringie

44 4130 216 4216 lantgravii
248 4137 280 4196 et
310 4131 449 4198 Saxonie
482 4134 606 4198 comitis
637 4135 781 4217 palatini,
818 4155 954 4217 quorum
987 4137 1121 4218 quilibet
1151 4138 1284 4200 istorum
1316 4137 1355 4200 ab

43 4221 143 4286 altero
177 4223 379 4286 ascendendo
407 4225 510 4287 tenuit
536 4225 569 4286 in
589 4223 699 4303 feudo,
722 4225 814 4288 etad
837 4225 985 4289 ultimum
1007 4227 1083 4289 dioti
1105 4228 1271 4311 principis,
1300 4229 1355 4309 qui

42 4313 137 4375 sinnii
162 4313 234 4376 iure
256 4313 377 4376 dietum
401 4313 544 4394 quartale
565 4319 597 4378 et
618 4335 742 4379 areasa
762 4315 855 4378 nobis
876 4319 992 4395 tenuit,
1024 4318 1063 4380 ad
1090 4337 1204 4380 manns
1231 4323 1357 4382 nostras

40 4403 160 4466 tantam
185 4401 285 4466 libere
307 4403 441 4468 vacabat
462 4404 564 4484 tptnlo
586 4405 822 4488 proprietatis'
814 4426 865 4468 rus
888 4427 1015 4488 qnoque
1037 4407 1238 4490 proprietatis
1260 4409 1357 4472 unius

40 4494 141 4556 mansi
168 4497 203 4555 et
224 4493 367 4556 omnium
390 4513 519 4557 suornm
543 4495 784 4576 pertinentium
811 4515 906 4576 quem
935 4497 1080 4560 similiter
1106 4498 1247 4581 prelatus
1269 4499 1355 4582 prin-

38 4603 110 4668 ceps
133 4603 156 4646 a
181 4581 302 4646 nobis
294 4601 327 4645 m
350 4583 446 4646 feudo
468 4589 581 4647 tenens
603 4583 695 4647 nobis
716 4585 901 4668 resignavit
927 4587 1020 4650 ouius
1042 4587 1143 4652 mansi
1166 4594 1230 4652 tres
1249 4593 1355 4672 partes
