3390 5148
578 369 629 432 ur.
641 369 789 430 aaa-aer.
810 369 886 432 mn.
1099 331 1104 342 ’
1329 369 1380 426 aar

90 525 224 609 prietario
250 525 442 609 pertinente,
470 531 502 590 et
528 543 730 607 quecumque
755 523 840 588 bona
864 522 950 586 idem
971 520 1185 586 Theodericus
1209 520 1242 583 in
1270 521 1382 586 eadem

88 615 151 678 villa
174 635 193 678 a
220 615 304 678 dicto
333 614 431 678 trane
459 620 568 678 nostro
589 613 643 678 Η.·
665 613 807 690 tenebat,
827 612 972 676 vendidit
990 610 1030 676 de
1051 616 1160 674 nostra
1179 611 1384 678 conniventia

87 711 112 768 et
135 723 306 782 consensu,
334 723 430 786 supra
455 703 540 767 dicta
570 703 655 766 bona
681 704 715 766 iu
742 702 844 765 dictos
872 700 1018 764 abbatem
1044 705 1076 764 et
1096 705 1291 764 conventum
1311 720 1384 784 pro·

89 795 217 877 prietatis
239 791 342 875 tytulo
363 793 592 857 transferendo.
623 792 662 856 ln
684 811 780 876 supra
801 791 959 855 dictorum
974 790 1192 854 testimonium
1203 795 1384 872 presentem

87 891 206 962 cadam,
235 884 311 966 quia
338 882 478 966 sigillum
502 883 664 967 proprium
692 880 809 946 habere
838 899 902 942 non
930 879 1105 963 potuimus,
1134 877 1256 962 sigillol
1277 878 1385 942 fratris

87 973 189 1052 nostri,
223 972 375 1056 prepositi
406 972 685 1055 Nuenburgensis,
723 971 858 1035 fecimus
894 968 1093 1032 communiri.
1144 966 1263 1032 Datum
1300 985 1384 1030 anno

88 1061 194 1124 domini
221 1059 467 1142 M⁰ec⁰nxxl⁰,
497 1063 532 1126 in
564 1063 615 1126 die
637 1061 737 1126 sancti
759 1058 954 1124 Micbalrelis.
995 1057 1102 1122 Huius
1122 1059 1169 1121 roi
1192 1062 1288 1121 testes
1309 1061 1385 1121 sunt

89 1151 291 1216 Theodericus
323 1152 464 1216 decanus
491 1151 522 1216 N
524 1150 769 1234 amburgensis,
799 1148 953 1214 Albertns
983 1147 1180 1228 cellerarius,
1211 1145 1384 1212 Heinricus

88 1241 283 1320 caruerarius,
311 1239 479 1306 Luthclfus
510 1247 621 1304 cantor
646 1239 791 1303 canonici
820 1237 964 1302 eiusdem
994 1237 1128 1304 ecclesie
1157 1241 1188 1300 et
1209 1235 1264 1300 alii
1288 1255 1384 1319 quam

87 1329 190 1414 plures.

146 1444 214 1501 ²13.
232 1444 318 1500 fratre
336 1451 432 1500 nostro
453 1444 479 1498 T
529 1437 541 1472 '³
560 1442 670 1530 siggillo
685 1444 715 1498 D

603 1605 854 1616 ——-—--—-·

88 1725 180 1808 latr.
208 1725 459 1828 September
485 1725 552 1808 30.
1291 1724 1381 1808 234.

160 1859 225 1926 ouo
249 1859 360 1942 Propst
379 1861 449 1924 aad
470 1859 529 1926 dus
543 1860 675 1942 Kapitel
697 1861 750 1924 des
769 1860 799 1926 b.
813 1858 926 1924 Parus
946 1861 982 1924 iu
1004 1857 1100 1924 &lau
1120 1859 1293 1942 ambrosea
1315 1859 1383 1924 deva

119 1948 241 2014 Kloatar
266 1951 376 2032 Pfoote
405 1951 472 2014 cine
498 1949 588 2032 Hafa
619 1951 653 2014 iu
682 1948 817 2014 Darasa
846 1951 904 2032 fair
930 1948 1254 2032 91l2MarlcSilber‚
1288 1951 1383 2016 detera

118 2039 275 2122 Empfauy
294 2042 341 2104 sic
359 2041 535 2122 bestdtipea,

225 2173 360 2232 Haacar..·
378 2171 408 2227 D
424 2165 479 2230 aab
496 2173 729 2242 (uocemue).
762 2165 878 2232 racel.

223 2279 336 2334 Druck:
355 2277 493 2334 Derataela:
521 2279 606 2348 Wolff
619 2277 662 2341 ΙΙ,
682 2283 740 2334 172.

154 2407 190 2471 In
212 2409 342 2470 nomine
364 2407 494 2470 domini.
526 2407 640 2470 Arnen.
681 2407 748 2472 Nos
768 2407 842 2471 Otto
868 2407 920 2471 dei
941 2409 1043 2491 gratia
1063 2409 1244 2492 prepositus
1264 2415 1381 2476 totum-

87 2515 139 2577 que
159 2497 333 2581 capitulum
357 2497 491 2562 ecclesie
518 2497 602 2560 beati
632 2495 716 2560 Petri
742 2497 776 2560 in
798 2495 893 2561 Sulce
913 2497 1072 2560 universis
1094 2496 1211 2562 Christi
1230 2497 1382 2564 fidelibus

86 2586 327 2671 inperpetuum.
370 2585 432 2665 Ea,
461 2605 522 2669 que
550 2591 707 2670 geruntur
724 2586 758 2649 in
779 2592 935 2668 tempore,
960 2605 1003 2650 ne
1023 2585 1118 2650 simul
1138 2586 1287 2652 labantur
1307 2608 1382 2654 cum

85 2681 242 2760 tempors·,
274 2677 452 2740 litterarum
486 2677 637 2740 convenit
661 2677 842 2740 testimonio
874 2681 906 2740 et
931 2674 1108 2757 sigillorum
1134 2678 1383 2759 appensionibus

85 2783 148 2828 cum
169 2766 391 2851 astipulatione
412 2767 540 2830 testium
563 2766 764 2845 communiri,
784 2773 828 2844 ut,
850 2766 1004 2848 quociens
1026 2783 1106 2848 opus
1124 2766 1230 2846 fuerit,
1251 2767 1382 2852 deipsis

85 2857 173 2935 possit
194 2857 287 2920 fierib
315 2855 410 2938 plena
435 2856 526 2920 tides,
574 2856 708 2920 Noverit
741 2857 839 2938 igitur
866 2861 932 2918 tam
962 2873 1094 2938 presens
1119 2855 1285 2922 hominurn
1315 2863 1382 2923 etas

86 2961 170 3023 quam
185 2946 223 3008 'in
240 2945 366 3009 Christo
385 2947 553 3030 posteritas
574 2965 770 3024 successura,
793 2944 879 3028 quod
900 2961 959 3008 nos
981 2945 1020 3008 de
1040 2945 1192 3008 concordi
1213 2945 1380 3012 voluntate

85 3037 113 3093 et
134 3035 275 3098 unanimi
302 3053 461 3100 consensu
488 3035 620 3119 capituli
645 3036 746 3100 nostri
772 3033 935 3099 Sulcensis
961 3034 1091 3100 domino
1116 3033 1222 3098 abbati
1249 3041 1280 3100 et
1305 3055 1381 3100 con-

85 3125 183 3187 ventui
208 3125 395 3188 monasterii
422 3124 586 3189 Portensis
611 3125 816 3190 vendidimus
835 3142 983 3187 mansum
1003 3142 1103 3188 unum
1124 3143 1182 3207 pro
1203 3134 1243 3188 IX
1265 3129 1381 3192 marcis

85 3216 113 3272 et
136 3212 264 3277 dimidia
292 3215 365 3297 puri
391 3216 529 3298 argenti,
558 3216 654 3278 situm
679 3215 711 3278 in
733 3233 814 3297 pago
835 3213 925 3293 ville,
948 3232 1010 3294 que
1031 3213 1208 3294 antiquitus
1229 3213 1381 3300 Dampsla

85 3301 260 3382 vocabatur,
281 3323 355 3368 cum
378 3306 465 3368 omni
484 3307 569 3384 iure,
591 3304 746 3383 dominio,
766 3303 968 3388 proprietate,
988 3304 1198 3386 possessione,
1219 3307 1381 3387 proventi-

85 3386 136 3454 bus
157 3399 187 3456 et
206 3393 399 3458 utilitatibus
420 3393 581 3470 omnibus,
607 3413 669 3477 que
690 3393 783 3458 nobis
804 3391 1027 3476 competebant
1047 3397 1079 3456 et
1101 3411 1164 3476 que
1187 3393 1381 3462 habebamus

83 3479 113 3540 in
137 3481 226 3566 ipsis,
256 3502 319 3566 qne
345 3503 432 3548 nunc
459 3491 534 3548 sunt
563 3486 654 3550 etin
680 3489 844 3567 posterum
871 3487 1022 3566 poterunt
1049 3481 1288 3564 quomodolibet
1309 3505 1381 3568 pro-

86 3571 191 3653 venire,
212 3573 281 3637 sive
302 3574 334 3636 in
356 3573 525 3658 superficie
547 3580 630 3639 terre
651 3575 715 3638 iam
738 3577 911 3657 appareant
931 3571 983 3636 vel
1005 3571 1261 3654 quibuscumque
1277 3575 1381 3642 modis

80 3659 165 3724 etiam
197 3664 233 3726 in
268 3665 342 3728 imis
373 3671 456 3728 terre
483 3665 689 3748 apparuerint
714 3665 748 3726 in
774 3666 898 3740 tuturo,
929 3661 1019 3726 nullo
1044 3663 1116 3724 iure
1140 3661 1192 3726 vel
1214 3666 1380 3730 occasione

82 3747 153 3814 iuris
172 3771 229 3816 seu
250 3754 445 3837 inpeticione
466 3753 575 3835 aliqua
594 3756 627 3816 in
650 3759 816 3838 prenotato
837 3771 949 3818 manso
961 3751 1200 3833 quomodolibet
1209 3761 1381 3836 reservato,

83 3850 339 3924 recognoscentes
357 3849 467 3906 tenore
489 3845 685 3926 presentium
705 3843 822 3907 dictam
843 3842 1012 3926 pecuniam
1028 3861 1087 3904 nos
1101 3843 1298 3926 integraliter
1311 3845 1380 3910 sinc

82 3925 208 4013 dampno
236 3933 400 4016 recepisse
444 3931 527 3996 Sane
556 3938 593 3997 ut
617 3935 723 3996 omnia
750 3933 904 4016 premissa
930 3932 975 3996 sic
996 3931 1232 3997 racionabiliter
1253 3939 1284 3998 et
1305 3954 1381 3999 con-

82 4017 210 4083 corditer
235 4027 364 4105 peracta
389 4027 542 4106 perpetua
564 4023 714 4086 firmitate
734 4027 942 4106 permaneant
961 4021 1150 4085 inconvulsa
1169 4029 1281 4086 contra
1301 4024 1380 4087 obli·

82 4107 178 4171 vionis
197 4111 418 4192 incomodum‚
444 4111 655 4176 cavillationis
677 4119 708 4176 et
727 4113 996 4196 interpretationis
1018 4110 1144 4176 sinistre
1166 4112 1380 4197 calumpniam

81 4193 306 4282 detestandam,
334 4221 430 4286 super
451 4203 497 4267 eis
518 4209 698 4286 presentem
719 4203 866 4287 paginam
890 4202 1103 4284 conscriptam
1125 4202 1302 4284 sigillorum
1323 4224 1380 4268 no-

81 4291 212 4352 strorum
228 4293 407 4356 munimine
421 4291 618 4357 roboramus.
645 4295 728 4358 Acta
746 4299 822 4357 sunt
834 4293 893 4356 hee
910 4309 995 4354 anno
1012 4292 1132 4354 domini
1143 4299 1382 4374 M⁰ee⁰LXX⁰1⁰,

80 4374 112 4436 in
138 4377 184 4442 die
209 4381 293 4447 beati
317 4383 483 4463 leronimi,
511 4384 713 4468 presentibus
744 4384 790 4448 eis
818 4389 850 4448 et
880 4381 1098 4445 testimonium
1130 4381 1379 4464 perhibentibus,

80 4484 209 4545 quorum
242 4473 373 4536 nomina
400 4479 475 4538 suut
506 4473 698 4558 subscripta:
730 4474 879 4537 dominus
913 4470 1093 4535 lbidericus
1126 4469 1380 4556 Mersburgensis

79 4556 247 4643 episcopus,
266 4561 493 4645 Herlmannus]
517 4564 556 4628 de
578 4564 771 4647 Ebersberg‚
796 4559 990 4644 Hleinricus]
1013 4561 1052 4624 de
1074 4559 1249 4645 Sccnberg,
1270 4561 1380 4644 Thleo·

134 4665 304 4724 anaema.
318 4669 384 4712 ras.
395 4671 539 4714 manvu.
1148 4665 1180 4721 16
