3390 5148
574 384 781 444 Nam-209.
802 381 877 438 1268.
1322 370 1374 426 219

152 547 319 612 Conradus
340 548 392 612 dci
412 546 518 630 gracia
539 546 647 608 sancta
660 533 945 624 Magdcburgensis
964 531 1098 596 ecclesie
1118 529 1375 614 archiepiscopus

86 638 220 702 omnibus
242 643 404 722 presentes
424 637 545 700 litteras
566 631 757 716 inspecturis
778 625 956 692 salntemin
969 623 1106 686 domino.
1139 620 1219 684 Cum
1233 621 1376 684 occasio·

85 730 124 789 aa.
164 729 232 792 Nos
260 748 335 792 vero
367 729 407 792 de
438 724 656 790 misericordia
687 716 912 802 omnipotentis
934 715 985 778 dei
1006 711 1121 776 contisi
1140 709 1296 788 omnibus,
1318 710 1373 792 qni

84 821 114 882 ad
134 821 268 884 eandem
289 823 481 884 structuram
502 833 632 878 manum
646 806 846 894 porrexerint
857 804 1054 879 adiutricem,
1077 799 1374 880 quieciamdictnm

85 915 177 978 locum
212 914 264 977 die
297 907 550 975 consecracionis
580 902 724 968 eiusdem
752 907 784 962 et
811 899 844 960 in
870 893 1096 959 anniversariis
1121 891 1374 954 consecracionis

84 1023 132 1067 nec
153 1023 218 1067 non
239 1009 270 1068 et
288 1003 321 1064 in
344 1009 427 1064 ssss⁰¹
449 992 735 1078 sollempnitatibus
756 993 864 1054 sancte
879 985 988 1064 Mario,
1009 982 1238 1064 assumpcione,
1260 981 1373 1044 nativi·

83 1101 148 1172 tate,
175 1093 403 1178 puritioacione
424 1095 456 1153 et
477 1083 757 1157 aununcciacione,
782 1086 815 1144 et
839 1097 896 1161 per
917 1081 1045 1140 cocras
1065 1071 1237 1136 earundem
1259 1070 1373 1136 devote

85 1185 269 1248 visitaverint
289 1187 321 1246 et
342 1200 416 1244 suas
436 1177 627 1242 elemosinas
647 1171 770 1254 elargiti
789 1168 917 1240 fuerint,
937 1165 975 1228 de
998 1183 1072 1228 vere
1088 1161 1232 1226 contritis
1247 1167 1279 1224 et
1298 1180 1373 1224 con·

83 1274 162 1338 fessis
183 1283 234 1336 XL
261 1273 330 1336 dies
356 1277 389 1335 et
413 1287 510 1332 unam
538 1267 690 1330 lamnam
716 1261 756 1324 de
782 1257 934 1322 iniunctis
955 1253 1015 1318 sibi
1036 1252 1225 1336 penitenciis
1248 1251 1373 1315 relaxa·

83 1382 151 1426 nus.
191 1361 309 1426 Datum
332 1360 450 1424 Cotane
477 1375 562 1419 anno
590 1354 696 1437 gracie
717 1357 918 1420 Motffixvssi,
948 1353 985 1408 Vl
1006 1343 1080 1406 idus
1101 1341 1248 1424 Augusti,
1270 1341 1372 1424 ponti-

81 1453 185 1516 ficatus
206 1453 306 1516 nostri
328 1469 412 1513 anno
433 1447 584 1512 secundo.

142 1593 152 1619 ³
170 1591 228 1644 Da·
245 1587 380 1643 Schra'ber
395 1585 480 1640 hricbt
498 1583 555 1637 hier
572 1581 606 1636 ab
623 1579 681 1634 and
700 1579 816 1633 arrodat
838 1578 885 1630 mit
903 1581 935 1630 nt
953 1589 1038 1646 supra
1058 1576 1115 1640 aas
1129 1569 1173 1626 die
1187 1569 1315 1626 ornanda
1327 1568 1373 1624 dea

81 1672 195 1739 Biacboss
212 1687 262 1724 oon
283 1666 434 1736 Humilem.

600 1791 851 1806 ’,ψ-1

81 1947 181 2030 1268.
208 1943 459 2048 sepnmuer
483 1939 518 2022 8.
546 1937 706 2022 Ptorte.
1277 1925 1370 2010 209.

150 2096 285 2178 Biscbos
301 2091 443 2158 Dictricb
463 2113 522 2157 oon
543 2089 733 2171 Naumburp
754 2089 914 2164 helmodat,
934 2088 1008 2151 dces
1032 2105 1073 2161 er,
1095 2081 1195 2146 durch
1215 2079 1266 2142 dia
1286 2078 1372 2142 Aac·

112 2187 271 2267 plciclraap
286 2187 371 2249 etna
381 2183 487 2249 Febda
500 2183 650 2248 crambem
665 2182 734 2245 dem
746 2179 953 2261 Lcadprofcn
964 2174 1108 2241 Albrccbt
1117 2193 1176 2237 oon
1191 2169 1373 2252 latenrer

113 2279 176 2342 aad
196 2279 265 2341 darn
286 2275 499 2356 Martprcfca
510 2271 650 2337 marca
665 2291 724 2336 oon
735 2269 917 2349 Londaberp
937 2269 973 2331 in
997 2263 1165 2346 Ammoi
1185 2281 1371 2342 pertommca,

113 2368 167 2431 dar
188 2367 359 2449 Bischb'scn
380 2363 546 2430 animract
566 2383 625 2427 ocu
646 2363 838 2440 Maeona.
862 2356 1027 2423 ettotam
1049 2373 1108 2418 oon
1129 2350 1283 2416 Karatai
1303 2349 1373 2413 aad

115 2458 272 2522 Christian
295 2476 355 2520 oon
383 2455 553 2519 Litthoaen
579 2454 630 2517 dic
654 2451 864 2528 Einwatbcnp
890 2449 945 2512 der
965 2445 1081 2511 Kirche
1097 2463 1139 2510 au
1160 2443 1267 2523 Psorte
1285 2441 1374 2505 tibe-

113 2551 216 2628 tropcn
242 2547 335 2624 trube,
361 2545 481 2610 erthedt
508 2543 623 2609 nones
643 2541 741 2618 ιιῑῐιιι,
768 2539 877 2604 auae
902 2539 954 2602 dic
975 2535 1090 2600 Kircbe
1117 2554 1170 2596 orn
1189 2532 1374 2612 Jobrcstopc

114 2637 191 2701 ihrer
217 2636 426 2716 Einwcibmep
456 2635 548 2699 sowie
576 2654 620 2698 ca
651 2633 712 2696 den
739 2631 853 2696 Feta
883 2631 940 2692 der
960 2625 1131 2707 Jaapfrca
1161 2622 1274 2689 Marta
1304 2619 1374 2683 aad

113 2727 268 2792 dobonnes
289 2727 343 2790 das
356 2725 493 2808 Thesara
513 2725 670 2800 basoches,
691 2721 760 2785 aad
779 2720 920 2799 battitipt
939 2715 1191 2780 disceptantem
1202 2710 1373 2792 Bisolrdfon

112 2817 176 2880 aad
193 2816 344 2880 Prdtotcn
365 2815 522 2880 aibaitten
544 2813 761 2894 Ablossbriefe.

215 2951 348 3009 Hdacbrz:
366 2951 395 3006 D
415 2941 483 3006 135b
501 2951 553 3018 (tit.
566 2947 767 3020 indulgencie).

216 3057 341 3112 Druck.-
360 3056 473 3111 Partucb
492 3055 517 3122 I,
536 3059 597 3112 270.
622 3053 874 3110 Bersera-Setaea
892 3051 917 3118 I,
939 3053 995 3108 168.
1019 3049 1207 3104 evremaro.
1238 3041 1372 3098 Deutaclt:

272 3136 357 3204 Wolff
370 3135 413 3202 II,
432 3137 489 3190 148.
515 3135 570 3204 Vpl.
590 3135 730 3204 &utram
748 3135 809 3188 116.
838 3133 962 3201 Leptim
981 3129 1115 3186 KiScbr.
1130 3125 1158 3192 l,
1177 3129 1221 3180 37.

149 3261 314 3326 Universis
341 3262 456 3326 Christi
485 3262 647 3338 fidelibus,
675 3263 714 3324 ad
743 3281 822 3342 quos
848 3261 906 3324 heo
927 3261 1032 3322 littera
1052 3261 1245 3342 pervenerit,
1271 3259 1370 3324 Theo-

79 3347 192 3414 dericus
213 3352 265 3415 dei
287 3353 394 3434 gracia
410 3352 671 3436 Nuenborgcnsis
692 3353 859 3434 episcopus
880 3351 1014 3414 salutem
1036 3351 1067 3412 in
1085 3369 1131 3424 co,
1156 3351 1210 3432 qui
1227 3351 1372 3415 hominos

79 3438 139 3501 vult
164 3441 296 3504 salvare.
348 3441 536 3504 Sanctarum
571 3443 752 3504 meracium·¹
781 3439 951 3503 invisibilis
981 3439 1186 3518 inhabitator,
1223 3441 1371 3504 dominus

77 3523 176 3593 ihesus
199 3530 357 3610 christae,
379 3551 496 3594 corona
517 3533 721 3609 centensium,
744 3531 848 3614 palma
868 3531 1043 3606 martirum,
1065 3531 1282 3592 confessorum
1304 3531 1370 3593 dia-

77 3613 166 3697 dema,
187 3639 335 3704 sponsam
357 3641 458 3700 snam,
479 3621 659 3691 ecclesiam,
681 3621 732 3704 pie
754 3621 996 3703 propiciacionis
1017 3639 1149 3682 munero
1171 3620 1370 3703 locupletati,

77 3706 304 3802 nrnltiplicando
336 3729 447 3774 eorum
477 3711 627 3774 videlicet
652 3729 835 3782 nnmerum,
849 3759 851 3764 ,
865 3711 919 3790 qui
950 3709 1077 3772 celestis
1104 3711 1180 3792 agni
1205 3709 1371 3793 predicant

76 3801 284 3862 muccenciam
310 3800 405 3863 verbo
425 3801 543 3883 pariter
564 3806 656 3863 etex
679 3810 793 3884 operee
813 3797 869 3878 (52),
895 3800 949 3880 qui
972 3800 1082 3862 relicta
1103 3801 1236 3863 sindone
1255 3820 1368 3884 pompe

76 3887 216 3952 secularis
247 3889 307 3952 deo
339 3889 536 3953 famulantur
565 3891 598 3952 in
629 3890 829 3953 monasteriis
860 3894 892 3952 et
927 3888 1126 3971 disciplinam
1164 3889 1369 3953 observantes

77 3979 238 4076 monastica
257 3979 317 4044 suh
338 3980 449 4062 regula
470 3987 501 4044 et
522 3980 635 4043 abbate
655 3979 793 4042 militant
814 3980 873 4043 deo
896 3998 970 4042 vero
987 3979 1019 4040 in
1036 3979 1147 4042 ordine
1159 3979 1369 4060 Cisterciensi,

77 4081 123 4140 qul
148 4067 279 4131 aliorum
307 4075 356 4133 est
383 4069 531 4133 ordinum
560 4071 663 4132 forma
688 4069 817 4133 vivendi
844 4075 877 4132 et
907 4071 1097 4132 inconcussa
1125 4075 1232 4133 sancte
1259 4071 1369 4134 matris

76 4154 214 4252 molestet
235 4159 406 4242 columpna
426 4165 458 4223 et
479 4161 567 4242 qnasi
591 4159 739 4222 columba
760 4159 954 4242 duplicitatis
969 4179 1026 4242 per
1042 4161 1148 4222 omnia
1162 4159 1236 4222 felle
1248 4179 1368 4224 carens.

76 4243 257 4336 banchficati
293 4267 368 4332 ergo
404 4269 477 4312 cum
516 4251 634 4313 sanctis
672 4268 846 4332 speramus·
870 4251 941 4312 ficri
973 4254 1005 4311 et
1035 4267 1107 4310 cnm
1142 4249 1367 4313 innocentibus

77 4343 256 4401 innocentes.
303 4338 445 4421 ideoque
478 4339 518 4402 ob
549 4359 689 4404 aurorem
714 4339 798 4414 eine,
830 4341 885 4421 qui
913 4340 993 4422 regit
1019 4358 1056 4401 ac
1082 4339 1219 4422 protegit
1244 4359 1369 4424 semper

78 4436 134 4519 nna
156 4445 225 4490 curn
252 4437 351 4492 matre
383 4449 454 4508 sua,
482 4429 618 4512 gloriosa
647 4429 769 4512 virgine
797 4429 912 4508 llaria,
943 4429 1186 4494 Cisterciensem
1214 4429 1367 4510 ordinem,

76 4525 158 4613 curus
179 4519 396 4599 potentissima
423 4525 472 4584 est
496 4525 642 4603 patrona,
664 4525 696 4583 et
716 4519 920 4602 singulariter
940 4521 1144 4602 singularest,
1167 4539 1247 4600 quos
1269 4519 1366 4584 verbo

77 4593 201 4668 hdehter
225 4615 256 4672 ct
279 4608 363 4672 bona
389 4609 455 4672 vita
477 4609 642 4694 predicant
667 4615 698 4674 et
718 4610 877 4674 honorant
897 4609 1017 4674 ordinis
1038 4610 1133 4674 huius
1154 4611 1280 4691 fratrea,
1308 4633 1367 4680 nos
