3506 5148
643 370 693 429 Nr.
705 371 854 430 aot-509.
874 371 950 428 1322.
1399 383 1449 440 471

145 525 395 608 composicionis.
449 525 587 607 Accepta
616 545 634 586 a
663 525 805 609 partibus
835 525 958 588 cautela
991 523 1174 606 sufficienti,
1202 548 1283 612 pene
1315 541 1342 595 X
1370 555 1453 598 mar·

145 635 253 678 carum
284 615 458 679 vallaoione
486 615 618 694 adiecta,
645 617 744 698 ipsam
774 636 903 680 causam
931 616 1156 698 discussimus,
1182 618 1344 683 videlicete
1367 625 1450 706 quod

147 707 306 788 predictus
327 707 477 770 dominns
500 705 598 768 abbas
620 707 651 769 in
674 705 769 770 Porta
790 724 846 789 pro
866 707 1161 789 recompensacione
1182 709 1390 791 predictorum
1413 717 1452 779 ad

145 797 317 880 predictam
354 795 525 878 cappellam
564 797 818 878 pertinenciuml
857 797 1042 878 parrochiali
1077 797 1208 860 ecclesie
1243 801 1276 862 in
1310 802 1455 888 Spilberg

146 888 347 971 appropriare
368 885 496 950 deberet
517 906 663 950 mansum
687 887 783 950 situm
805 887 839 948 in
862 885 1009 968 Dogwicz
1033 887 1103 950 iure
1129 895 1293 970 perpetuo,
1317 896 1400 975 quod
1424 903 1454 958 et

145 979 228 1041 facit.
269 977 311 1041 at
336 978 513 1061 predictus⁰
538 976 694 1060 plebanus
722 977 809 1040 omni
836 977 916 1054 iuri,
947 976 1031 1058 quod
1059 979 1090 1040 in
1109 981 1273 1061 premissis
1295 982 1455 1066 habuerat,

146 1068 419 1146 abrenuncciavit,
447 1069 610 1150 presertim
639 1087 711 1130 cum
744 1066 887 1129 condicio
919 1085 976 1129 sue
1002 1068 1163 1150 parrochie
1184 1071 1297 1134 melior
1317 1077 1455 1139 extiterit

147 1161 179 1220 in
212 1159 396 1240 premissisf.
449 1157 486 1220 ln
526 1157 618 1220 cuius
649 1158 694 1219 rei
724 1157 941 1219 testimonium
973 1174 1104 1240 presens
1135 1161 1286 1244 scriptum
1321 1165 1456 1249 desuper

146 1249 266 1312 editum
297 1248 413 1310 nostris
438 1245 550 1330 sigillis
579 1245 714 1310 fecimus
747 1246 895 1310 roborari.
947 1244 1064 1310 Datum
1098 1267 1182 1312 anno
1208 1251 1327 1316 domiui
1355 1265 1455 1322 Mtfo'c

146 1347 245 1416 XXII,
268 1347 306 1401 VI
328 1337 400 1400 idus
421 1337 504 1401 Iulii.
546 1336 653 1400 Testes
675 1337 772 1400 huius
794 1342 870 1399 sunt
892 1335 1040 1399 dominus
1061 1335 1226 1403 Eeharrlus
1246 1341 1400 1424 plebanus
1421 1349 1453 1409 in

147 1429 350 1511 augenses,
380 1427 529 1490 dominus
551 1427 665 1490 Petrus
690 1426 847 1509 plebanus
874 1427 908 1488 in
929 1425 1141 1512 Flemyngen‚
1169 1427 1342 1496 Heinricus
1362 1437 1455 1518 prior,

148 1520 197 1582 Al.
219 1519 366 1601 supprior
386 1525 417 1581 et
438 1519 534 1581 frater
554 1516 658 1580 Basso
680 1517 718 1580 de
739 1515 834 1579 Porta
855 1515 959 1579 etalii
982 1537 1077 1600 quam
1100 1519 1206 1601 plures
1227 1521 1288 1585 fide
1309 1523 1426 1606 dignit.

219 1642 503 1698 'sanctimonialium
529 1643 595 1711 fehlt
615 1643 670 1696 D]
767 1631 827 1695 biu
846 1639 932 1695 Porto
949 1643 1016 1708 fehlt
1034 1642 1093 1697 Da
1186 1645 1267 1700 ‘sub
1291 1647 1343 1704 hac
1366 1650 1455 1706 forma

149 1727 227 1792 detail
245 1721 385 1789 videlicet)
403 1722 458 1776 Dr
537 1713 551 1750 ‘¹
569 1721 756 1792 predictorum
773 1752 805 1760 —
818 1721 1019 1792 pertinencium
1040 1723 1107 1788 fehlt
1125 1724 1180 1778 DJ
1261 1728 1381 1784 edictus
1399 1732 1429 1786 D
1439 1739 1455 1786 1

149 1795 319 1874 ‘presertim
341 1833 370 1841 -
390 1803 530 1872 premissis
548 1803 616 1869 fehlt
633 1801 691 1855 Da
761 1801 829 1856 gSo
847 1801 911 1868 Da,
930 1803 1058 1855 rndlrread
1077 1805 1132 1856 Dr
1150 1805 1193 1858 dfe
1211 1808 1316 1878 Zostera
1335 1813 1456 1880 rueyldral

145 1885 206 1938 aad
224 1885 273 1937 ruit
290 1883 343 1936 dea
360 1883 469 1936 Worten
486 1883 581 1936 Testes
602 1887 633 1934 ut
651 1898 736 1952 supra
756 1885 813 1949 aas
825 1883 884 1936 Da
902 1881 1026 1936 twu‘elssi.

147 2071 260 2152 1322.
288 2068 529 2150 November
542 2067 581 2150 3.
1359 2079 1455 2163 509.

237 2205 392 2287 Verpleiclr
417 2205 567 2270 awisolren
591 2205 698 2268 Arcera
724 2203 786 2267 Ant
810 2223 869 2266 aon
898 2203 1010 2285 Psorta
1034 2205 1194 2270 eiuaseils
1218 2210 1288 2272 und
1313 2209 1456 2280 Dielricla

187 2297 257 2360 rand
280 2293 408 2359 Beriold
438 2294 632 2358 Vitsllunren
654 2314 712 2357 con
736 2293 861 2373 Apoldo
883 2293 1075 2356 aaron-selas
1093 2296 1164 2359 betr.
1186 2298 1276 2379 einen
1293 2300 1454 2385 Bocfofen

190 2389 224 2450 ia
245 2386 513 2452 uacasenaausen.

301 2511 432 2565 Hdsclar:
453 2501 564 2566 T2dfl'.
593 2500 686 2566 D92b
704 2510 757 2576 (aa
769 2508 996 2576 Saclrsinlrusen).

300 2603 411 2659 naar:
429 2603 564 2658 Dcaslsolr:
587 2602 672 2670 Wolff
686 2601 727 2668 II,
746 2606 805 2654 400.
850 2602 904 2671 Vpl.
923 2603 1037 2658 Periuria
1050 2603 1075 2670 I,
1096 2609 1154 2659 128.
1191 2608 1459 2668 ercclr-rfclaamel

345 2683 371 2750 I,
389 2689 432 2738 83.
470 2683 622 2748 Mifzacdka
646 2683 676 2737 U.
688 2682 722 2736 B.
740 2700 790 2736 rua
810 2682 912 2752 Bdrpel
930 2682 955 2748 I,
976 2689 1034 2738 165.

230 2809 295 2873 Nos
316 2809 412 2872 frater
432 2808 583 2874 Albertus
604 2807 701 2870 abbas
723 2807 754 2868 in
777 2805 872 2870 Porta
892 2815 922 2868 et
944 2807 1223 2874 nosTlreodoricrrs
1243 2818 1275 2876 et
1290 2813 1458 2882 Bertoldus

147 2901 342 2964 vicedomini
372 2902 405 2960 in
435 2897 558 2980 Apoldo
589 2897 844 2979 recognoscimus
875 2902 983 2960 tenore
1015 2901 1225 2981 presentium,
1254 2905 1351 2985 quod,
1382 2928 1455 2971 cum

146 2990 259 3054 multis
286 2990 379 3052 annis
407 3007 503 3070 super
528 2987 654 3050 fornace
678 2988 811 3068 pistrina
830 2988 863 3048 in
888 2987 1128 3052 Saohsenlrusen
1152 2996 1366 3058 controversia
1391 3017 1458 3060 ver-

144 3087 268 3145 teretur
294 3080 376 3140 inter
403 3097 476 3156 nos,
501 3076 626 3140 tandem
654 3077 813 3140 accersitis
841 3077 918 3140 viris
948 3077 1091 3141 discretis
1118 3081 1151 3142 in
1182 3088 1365 3148 communia
1386 3094 1457 3150 vota

143 3169 360 3233 convenimus
382 3167 412 3228 in
435 3167 522 3230 huno
544 3165 692 3246 modum,
720 3165 864 3228 videlicet
893 3168 978 3250 quod
1000 3188 1056 3251 pro
1077 3170 1147 3232 iure
1169 3173 1459 3259 utriusquepartis

145 3264 262 3324 fornax
292 3258 401 3321 eadem
430 3257 500 3337 fiat,
530 3257 623 3320 ouius
655 3255 843 3320 usufructus
874 3257 1003 3320 cuilibet
1033 3279 1089 3342 pro
1119 3280 1177 3324 sua
1196 3265 1340 3344 portione
1361 3268 1459 3348 cedat,

144 3349 244 3414 nobis
274 3348 419 3410 videlicet
446 3346 603 3429 predicto*
631 3345 735 3409 abbati
762 3348 796 3410 in
822 3345 916 3410 Porta
942 3353 1054 3430 quarta
1075 3369 1147 3432 pars
1175 3371 1231 3432 pro
1260 3360 1342 3416 sorte
1364 3356 1457 3422 iuris-

143 3439 298 3504 dictionis
319 3439 443 3501 nostrel
468 3437 558 3500 cedat
579 3441 609 3499 et
630 3435 721 3500 nobis
744 3437 949 3501 vicedominis
970 3444 1034 3502 tres
1055 3444 1159 3522 partes
1180 3442 1326 3506 similiter
1346 3466 1458 3510 secun-

142 3532 227 3594 dum
251 3529 481 3610 proportionem
503 3526 731 3590 iurisdictionis
753 3531 865 3604 nostre,
886 3535 1036 3611 perpetuo
1059 3529 1257 3612 duraturum,
1282 3534 1457 3618 obligantes

141 3637 209 3684 nos
235 3617 437 3697 alterutrum,
465 3635 504 3678 ne
530 3615 569 3678 de
596 3619 699 3677 cetero
727 3619 839 3698 quevis
868 3620 1007 3700 parcium
1035 3619 1195 3685 fornacem
1217 3622 1356 3707 aliquam
1380 3628 1456 3690 inibi

141 3714 332 3773 coustruere
358 3711 520 3789 presumat
546 3707 579 3768 in
607 3705 737 3768 alterius
763 3707 965 3790 preiuditium
995 3708 1044 3770 vel
1071 3730 1252 3793 gravamen.
1298 3715 1334 3778 lu
1365 3720 1457 3781 cuius

141 3801 194 3864 rei
217 3797 437 3860 certitudinem
460 3801 637 3879 presentem
658 3795 793 3858 litteram
821 3797 957 3880 desuper
978 3798 1150 3864 confectam
1174 3805 1340 3887 utriusque
1361 3810 1459 3890 partis

140 3887 327 3972 sigillorum
358 3887 536 3949 munimine
564 3885 699 3948 fecimus
724 3885 873 3950 roborari.
916 3885 1032 3950 Datum
1062 3907 1147 3952 anno
1171 3891 1291 3957 domiui
1319 3905 1458 3960 lf⁰clth⁰

141 3989 263 4054 ΧΧΙΙΟ,
283 3987 342 4041 111⁰
365 3995 467 4040 nonas
486 3975 684 4039 Novembris.
724 3975 831 4040 Testes
854 3977 950 4041 huius
972 3984 1047 4042 sunt
1067 3979 1227 4044 Hearicus
1248 3986 1349 4066 prior,
1378 3987 1458 4050 Cou-

139 4069 248 4134 radus
273 4067 469 4146 cellerarius,
494 4067 591 4129 frater
617 4072 737 4144 custos,
763 4065 857 4130 frater
879 4065 982 4130 Busso
1003 4088 1176 4134 conversus
1198 4073 1230 4135 in
1254 4073 1376 4156 Porta⁰‚
1405 4079 1459 4140 do-

141 4161 260 4226 minns
281 4157 436 4242 plebanus
457 4159 489 4219 in
512 4155 663 4240 Apoldet
691 4155 860 4220 Bertoldus
889 4157 992 4221 dictus
1013 4158 1118 4242 Spigel
1140 4163 1341 4244 castellanus
1361 4165 1460 4230 Theo-

139 4251 296 4315 dericus⁶
317 4247 355 4311 de
375 4247 527 4330 Borgelnf
546 4247 627 4310 civis
647 4246 764 4310 ibidem
785 4253 816 4310 et
836 4247 943 4330 plures
964 4249 1016 4311 olii
1038 4249 1100 4314 lide
1121 4251 1218 4335 digni.

221 4374 373 4444 “predicto
391 4374 459 4440 fehlt
476 4373 506 4426 D
594 4362 719 4428 bnostre
743 4371 929 4428 iurisdicionis
953 4374 983 4428 D
1071 4375 1188 4432 cfrater
1206 4385 1300 4434 custos
1319 4379 1456 4438 —Porta

135 4456 217 4530 fehlt
236 4453 265 4508 D
335 4445 497 4524 lappoldia
515 4453 545 4508 D
615 4453 826 4508 ⁰Castestanus
843 4453 1109 4509 Thelrcodericus‘f
1178 4449 1187 4484 Γ
1203 4457 1326 4529 borgelin
1346 4460 1376 4515 D

678 4610 929 4618 —-......--—---

1202 4650 1254 4704 31*
