3506 5148
316 383 367 442 514
690 378 921 438 Urkundenbuch
937 379 986 438 des
1004 377 1131 438 Klostars
1149 376 1253 439 Piorte.

315 540 459 602 omnium
486 536 638 600 heredum
665 539 845 600 nostrornm
875 538 1076 618 presencium
1102 541 1134 600 et
1159 537 1340 600 futurorum
1366 536 1523 599 donamus
1543 533 1622 617 legi-

314 633 392 694 tima
419 629 594 693 donacione
624 631 773 710 perpetue
803 627 872 690 sine
899 625 971 689 dolo
998 628 1188 690 monasterio
1222 632 1328 690 sancte
1357 625 1455 690 Mario
1487 626 1621 707 virginis

315 722 532 805 religiosorum
557 719 697 780 virorum
721 715 923 779 Portensinm
949 736 1027 801 pure
1053 723 1179 800 propter
1199 717 1293 780 deum
1315 718 1387 780 iura
1407 717 1541 781 feudalia
1563 739 1619 782 seu

314 813 534 894 proprietatem
555 807 795 888 infeodacionis,
824 808 906 870 sicut
932 809 1031 870 nostri
1053 809 1270 890 progenitores
1291 807 1330 870 ad
1352 827 1409 870 nos
1431 808 1622 888 detulerunt,

315 906 349 966 in
371 902 480 980 bonis,
500 899 644 961 videlicet
664 898 778 980 viginti
804 898 888 978 agris
914 897 982 960 sitis
1002 899 1035 959 in
1056 899 1175 980 campis
1192 897 1267 960 ville
1289 897 1467 980 Oberingen
1492 901 1621 962 maioris

316 1014 389 1057 cnm
411 1012 476 1056 una
495 991 584 1052 ouria
607 990 666 1051 sita
688 985 732 1067 lin
754 985 840 1067 villla
860 987 1008 1070 predicta,
1030 1007 1092 1070 que
1113 989 1220 1051 omnia
1241 988 1404 1068 quondam
1427 1007 1467 1051 er
1488 991 1620 1072 antiquo

316 1086 470 1148 discretus
499 1081 549 1142 vir
578 1077 738 1141 Henricus
764 1076 803 1139 de
828 1075 1008 1160 Oberingen
1036 1078 1118 1141 bone
1146 1080 1298 1141 memorie
1327 1085 1358 1141 et
1379 1079 1429 1141 sui
1449 1079 1582 1142 heredes
1603 1099 1622 1142 a

317 1171 454 1256 [nostris]
475 1167 729 1254 progenitoribus
756 1173 787 1230 et
814 1166 906 1230 nobis
927 1167 991 1231 huc
1012 1187 1114 1251 usqne
1135 1170 1205 1231 iure
1225 1168 1339 1232 feodali
1362 1169 1466 1251 quiete
1487 1175 1519 1231 et
1535 1170 1622 1252 paci-

316 1266 374 1328 fice
402 1262 622 1346 possederunt,
650 1259 874 1320 renunciantes
902 1306 1232 1321 ............
1255 1257 1331 1342 [pro]
1353 1257 1446 1321 nobis
1466 1265 1497 1322 et
1518 1262 1621 1322 omni-

317 1356 377 1418 bus
404 1349 594 1434 [heredilbns
621 1347 748 1428 [nostris
773 1346 819 1429 inl
851 1353 1038 1431 perpetuum
1064 1349 1151 1410 omni
1179 1351 1239 1412 iuri
1273 1349 1429 1411 dictorum
1462 1349 1620 1412 bonorum

316 1464 373 1508 seu
395 1441 585 1525 inpeticioni,
608 1441 634 1501 si
656 1457 719 1520 qua
740 1436 831 1500 nobis
852 1450 908 1500 aut
928 1441 1044 1500 nostris
1061 1438 1297 1502 successoribus
1319 1487 1325 1501 .
1349 1487 1356 1500 .
1379 1489 1384 1500 .
1404 1489 1420 1502 ..
1434 1489 1622 1502 .......

317 1540 481 1617 conpetere
511 1536 617 1614 posset
643 1528 1238 1591 ab
1261 1577 1620 1592 .............

316 1627 515 1707 resignamus
536 1618 645 1683 eadem
668 1667 935 1680 ..........
956 1618 1112 1681 bonorum
1134 1666 1348 1681 ........
1366 1619 1398 1680 in
1416 1638 1531 1681 manns
1549 1619 1622 1680 reli-

315 1719 475 1798 giosorum
503 1713 642 1773 virorum
670 1709 834 1772 reverendi
859 1709 1001 1787 [domini]
1027 1707 1150 1771 abbatis
1167 1708 1334 1789 tociusque
1354 1710 1531 1770 conventus
1554 1727 1623 1770 mo·

316 1806 445 1869 nestorii
474 1806 581 1865 sancte
609 1798 707 1861 Maria
738 1800 770 1861 in
798 1797 893 1860 Porta
923 1799 1107 1881 prenarrati.
1154 1797 1205 1859 Ad
1232 1845 1382 1860 ......
1411 1815 1521 1860 eorum

318 1943 443 1963 .....
473 1895 615 1976 ipsorum
642 1889 798 1952 bonorum
826 1891 1056 1971 possessionem
1086 1935 1204 1950 .....
1236 1887 1336 1950 dictos
1366 1907 1439 1950 cum
1470 1887 1622 1952 omnibus

317 1988 397 2065 suiS,
425 1985 464 2047 ad
494 2002 574 2065 qnos
600 1999 692 2064 porro
718 1999 813 2062 supra
834 1979 915 2041 diota
937 1977 1019 2041 bona
1039 1981 1072 2042 in
1095 1983 1256 2061 posterum
1278 1979 1387 2041 venire
1413 2026 1622 2041 ........

316 2081 469 2161 ponentes
495 2072 622 2135 eosdem
648 2075 679 2132 et
700 2089 753 2132 ore
776 2075 806 2132 et
827 2088 940 2148 mauu,
966 2074 1001 2132 ut
1022 2070 1119 2131 moris
1141 2073 1196 2147 est,
1216 2069 1465 2147 introducentes,
1494 2075 1531 2130 nt
1554 2117 1561 2130 .
1586 2120 1592 2132 .
1615 2120 1622 2131 .

317 2167 398 2228 dicta
419 2161 523 2243 baula]
545 2182 564 2224 a
585 2162 662 2222 viris
685 2158 845 2242 prelibatis
866 2159 1042 2241 suscipient
1063 2159 1196 2222 ulterius
1218 2157 1406 2240 possidenda
1428 2164 1460 2221 et
1479 2159 1540 2221 boo
1554 2177 1622 2242 per-

317 2256 419 2340 petuis
452 2249 646 2336 temporibus
675 2269 731 2332 per
759 2298 913 2313 ......
941 2269 1006 2311 nm.
1051 2247 1089 2311 In
1123 2267 1260 2332 quorum
1292 2250 1434 2310 omnium
1466 2249 1568 2312 robur
1594 2257 1622 2312 et

316 2346 447 2410 evidens
475 2342 692 2405 testimoninm
725 2359 784 2402 nos
815 2338 1003 2402 Ludewicns
1028 2344 1059 2402 et
1086 2338 1279 2422 Beringerns
1309 2343 1382 2400 ante
1413 2339 1487 2401 dieti
1519 2341 1621 2424 sigilla

318 2442 426 2500 nostra
455 2431 656 2517 presentibus
688 2429 876 2509 [dulxi[mus
906 2429 1129 2512 appendenlda.
1181 2427 1300 2492 Datum
1330 2434 1362 2492 et
1390 2435 1497 2493 actum
1537 2453 1620 2496 anno

316 2526 437 2590 domini
463 2521 805 2597 n⁰ccc⁰xL11(.)in
831 2518 881 2581 die
909 2521 1009 2582 sancti
1035 2517 1191 2582 Bonifaoii
1216 2523 1364 2586 martiris.
1409 2519 1518 2586 Testes
1548 2531 1620 2587 sunt

317 2615 442 2681 discreti
466 2613 525 2674 viri
554 2611 702 2673 dominns
722 2609 881 2672 Henriens
903 2608 1057 2691 plebanus
1078 2611 1112 2672 in
1134 2609 1271 2690 Madels,
1300 2612 1449 2676 dominus
1469 2612 1620 2677 Nicolaus

317 2748 821 2772 ..................
843 2700 992 2763 dominns
1003 2698 1232 2781 Wedekyndns
1255 2700 1408 2784 plebanus
1426 2705 1460 2764 in
1472 2703 1620 2767 Otmsns-

316 2799 428 2876 husen,
448 2793 654 2857 Hermannus
676 2840 803 2856 .....
825 2809 870 2870 ze,
890 2789 1048 2852 Iohannes
1071 2789 1174 2854 dictus
1194 2790 1257 2854 Leo
1276 2793 1465 2855 castellanus
1486 2796 1520 2855 in
1551 2844 1558 2856 .
1585 2839 1619 2857 ..

318 2935 529 2955 ,,,,,,,,
558 2880 722 2962 noyers)
749 2880 928 2963 oppidanus
958 2880 1091 2960 ibidem,
1120 2879 1215 2944 frater
1248 2881 1319 2946 Otto
1350 2882 1389 2945 de
1416 2881 1619 2963 Bozeleybin,

316 2978 434 3056 lr[ater]
466 3020 677 3038 ........
706 2969 960 3051 [Schlovrenforst
990 2973 1134 3034 conversi
1166 2973 1199 3034 in
1231 2971 1327 3035 Porta
1362 2977 1394 3036 et
1428 2972 1483 3035 alii
1524 2992 1617 3054 quam

316 3069 444 3152 plurimi
464 3064 526 3128 fide
547 3062 643 3145 digni.

387 3185 397 3213 ¹
415 3182 451 3236 So
467 3180 613 3250 repatriari
630 3179 668 3231 im
688 3176 882 3246 Mardebnrycr
900 3176 985 3232 ΕΜ.
1023 3177 1060 3230 Ia
1077 3177 1125 3231 der
1148 3177 1276 3232 Urtumte
1299 3179 1376 3233 aba
1397 3179 1433 3232 iat
1450 3178 1496 3234 die
1512 3181 1619 3236 dobras-
1735 3227 1736 3248 ,

316 3265 377 3318 aoht
395 3261 470 3316 ambi
489 3261 563 3315 πιών
580 3259 630 3312 mit
647 3256 794 3312 &tanat
810 3275 845 3310 aa
861 3258 1002 3311 alemeon.

317 3476 431 3560 1343.
458 3471 696 3554 December
710 3469 750 3551 6.
1526 3473 1619 3556 560,
1735 3527 1736 3552 ,

397 3610 460 3676 Die
484 3609 614 3672 Briidar
640 3607 784 3683 Koarod,
814 3605 942 3690 liudolf
963 3607 1033 3670 aad
1058 3606 1212 3670 naariae
1239 3605 1397 3673 &amaea
1422 3610 1493 3674 aad
1514 3609 1620 3674 Herm
1735 3605 1736 3684 l

358 3704 392 3766 ia
413 3701 542 3766 Saaloelc
567 3697 746 3762 creussen
774 3699 843 3760 dam
869 3698 994 3762 nester
1018 3695 1125 3779 Pforte
1150 3697 1210 3760 das
1235 3697 1300 3762 ilem
1325 3698 1446 3779 streitiq
1467 3699 1622 3778 panormo
1735 3699 1736 3726 ³

357 3791 612 3857 Patroaatsrecbt
646 3789 722 3852 iiber
760 3789 812 3852 die
845 3787 965 3850 Kirclre
1001 3789 1091 3852 sacia
1130 3791 1166 3870 ¹l,
1195 3787 1287 3872 Hafa
1321 3789 1391 3852 aad
1422 3791 1446 3852 2
1472 3789 1556 3870 dee
1581 3791 1620 3852 ia

357 3882 624 3949 Sacbscalrausaa.

468 3998 601 4056 Harena:
621 3989 734 4054 Tmo
770 3987 862 4051 D91b
882 3997 934 4064 (tit,
946 3997 1164 4065 Socbsinhnsen)
1185 4001 1234 4051 mit
1252 3997 1388 4051 masolam
1406 3996 1579 4068 Krirrunpat.

466 4091 592 4145 Druckc:
621 4091 737 4158 Bdlame,
767 4090 1017 4160 Hmaposscratadt
1039 4093 1081 4143 47.
1125 4089 1260 4144 Deutaclr:
1290 4091 1375 4160 Wolff
1388 4089 1435 4157 Il,
1463 4095 1521 4145 445.
1562 4089 1620 4160 1⁷91.
1735 4071 1736 4086 ἵ

513 4171 637 4244 Lapersa
657 4172 768 4226 Raima
785 4171 832 4225 dar
851 4170 1019 4242 Rrrdclaburq
1037 4175 1080 4225 39.
1117 4169 1205 4236 Dera,
1225 4169 1273 4224 Kt.
1284 4169 1360 4225 Salar.
1371 4169 1413 4236 II,
1432 4174 1477 4225 30.

397 4287 434 4352 ln
465 4289 594 4350 nomine
623 4287 753 4352 domiui.
789 4287 902 4352 Amen.
951 4287 999 4351 Ne
1025 4288 1125 4370 sopite
1152 4287 1328 4369 questionis
1351 4293 1383 4349 et
1410 4285 1622 4348 alternationis

317 4387 459 4443 emortuo
485 4378 617 4440 materia
643 4378 826 4457 reviviscat,
853 4397 952 4460 sagax
979 4377 1115 4461 providit
1140 4377 1325 4459 antiquitas,
1351 4384 1388 4439 ut
1414 4381 1520 4439 corbe
1540 4371 1622 4435 obli-

317 4472 420 4533 vionis
452 4468 619 4550 caliginem
649 4476 737 4550 gesta
768 4469 949 4531 mortalium
983 4469 1136 4550 scripture
1169 4466 1241 4529 fidei
1276 4467 1521 4529 committantur.
1571 4463 1622 4526 Ea

318 4565 443 4644 propter
462 4560 620 4622 universis
642 4557 757 4622 Christi
778 4558 934 4640 fidelibus,
954 4560 1102 4642 precipue
1122 4563 1227 4620 temen
1250 4557 1310 4638 his,
1332 4575 1470 4638 qnorum
1491 4557 1621 4618 interest
