<?xml version="1.0" encoding="UTF-8"?>
<!DOCTYPE html PUBLIC "-//W3C//DTD XHTML 1.0 Transitional//EN"
    "http://www.w3.org/TR/xhtml1/DTD/xhtml1-transitional.dtd">
<html xmlns="http://www.w3.org/1999/xhtml" xml:lang="en" lang="en">
 <head>
  <title>
</title>
<meta http-equiv="Content-Type" content="text/html;charset=utf-8" />
  <meta name='ocr-system' content='tesseract 3.04.00' />
  <meta name='ocr-capabilities' content='ocr_page ocr_carea ocr_par ocr_line ocrx_word'/>
</head>
<body>
  <div class='ocr_page' id='page_1' title='image "./urkundenbuchdes00pforgoog_0045.png"; bbox 0 0 3442 5148; ppageno 0'>
   <div class='ocr_carea' id='block_1_1' title="bbox 646 375 1390 449">
    <p class='ocr_par' dir='ltr' id='par_1_1' title="bbox 646 375 1390 449">
     <span class='ocr_line' id='line_1_1' title="bbox 646 375 1390 449; baseline 0 -5"><span class='ocrx_word' id='word_1_1' title='bbox 646 389 696 444; x_wconf 80' lang='lat' dir='ltr'>m.</span> <span class='ocrx_word' id='word_1_2' title='bbox 710 391 735 449; x_wconf 86' lang='lat' dir='ltr'>e.</span> <span class='ocrx_word' id='word_1_3' title='bbox 756 375 831 445; x_wconf 78' lang='lat' dir='ltr'>nrt.</span> <span class='ocrx_word' id='word_1_4' title='bbox 1356 375 1390 446; x_wconf 81' lang='lat' dir='ltr'>nl</span> 
     </span>
    </p>
   </div>
   <div class='ocr_carea' id='block_1_2' title="bbox 92 539 1467 1876">
    <p class='ocr_par' dir='ltr' id='par_1_2' title="bbox 92 539 1467 1876">
     <span class='ocr_line' id='line_1_2' title="bbox 98 539 1389 626; baseline 0 -21"><span class='ocrx_word' id='word_1_5' title='bbox 98 561 147 624; x_wconf 88' lang='lat' dir='ltr'>per</span> <span class='ocrx_word' id='word_1_6' title='bbox 169 541 387 626; x_wconf 85' lang='lat' dir='ltr'>plaeacionem</span> <span class='ocrx_word' id='word_1_7' title='bbox 415 542 555 606; x_wconf 88' lang='lat' dir='ltr'>divinam</span> <span class='ocrx_word' id='word_1_8' title='bbox 588 540 759 606; x_wconf 89' lang='lat' dir='ltr'>conciliari.</span> <span class='ocrx_word' id='word_1_9' title='bbox 807 539 891 622; x_wconf 82' lang='lat' dir='ltr'>Ergo</span> <span class='ocrx_word' id='word_1_10' title='bbox 921 539 995 620; x_wconf 89' lang='lat' dir='ltr'>quia</span> <span class='ocrx_word' id='word_1_11' title='bbox 1020 539 1172 622; x_wconf 86' lang='lat' dir='ltr'>propositi</span> <span class='ocrx_word' id='word_1_12' title='bbox 1200 545 1262 619; x_wconf 91' lang='lat' dir='ltr'>est,</span> <span class='ocrx_word' id='word_1_13' title='bbox 1284 547 1320 604; x_wconf 92' lang='lat' dir='ltr'>ut</span> <span class='ocrx_word' id='word_1_14' title='bbox 1339 541 1389 606; x_wconf 90' lang='lat' dir='ltr'>his</span> 
     </span>
     <span class='ocr_line' id='line_1_3' title="bbox 98 627 1389 713; baseline 0 -21"><span class='ocrx_word' id='word_1_15' title='bbox 98 651 182 710; x_wconf 67' lang='lat' dir='ltr'>(pacm</span> <span class='ocrx_word' id='word_1_16' title='bbox 205 631 245 693; x_wconf 87' lang='lat' dir='ltr'>ed</span> <span class='ocrx_word' id='word_1_17' title='bbox 267 631 397 694; x_wconf 90' lang='lat' dir='ltr'>modum</span> <span class='ocrx_word' id='word_1_18' title='bbox 420 639 452 696; x_wconf 91' lang='lat' dir='ltr'>et</span> <span class='ocrx_word' id='word_1_19' title='bbox 474 633 543 695; x_wconf 86' lang='lat' dir='ltr'>aliis</span> <span class='ocrx_word' id='word_1_20' title='bbox 564 633 689 696; x_wconf 84' lang='lat' dir='ltr'>iusticie</span> <span class='ocrx_word' id='word_1_21' title='bbox 711 629 868 692; x_wconf 76' lang='lat' dir='ltr'>fructibus</span> <span class='ocrx_word' id='word_1_22' title='bbox 889 629 955 690; x_wconf 88' lang='lat' dir='ltr'>vita</span> <span class='ocrx_word' id='word_1_23' title='bbox 975 633 1083 690; x_wconf 88' lang='lat' dir='ltr'>nostra</span> <span class='ocrx_word' id='word_1_24' title='bbox 1099 627 1267 709; x_wconf 78' lang='lat' dir='ltr'>thronique</span> <span class='ocrx_word' id='word_1_25' title='bbox 1284 629 1389 713; x_wconf 89' lang='lat' dir='ltr'>splen-</span> 
     </span>
     <span class='ocr_line' id='line_1_4' title="bbox 96 717 1389 804; baseline 0.002 -23"><span class='ocrx_word' id='word_1_26' title='bbox 96 719 146 782; x_wconf 87' lang='lat' dir='ltr'>dor</span> <span class='ocrx_word' id='word_1_27' title='bbox 173 739 299 804; x_wconf 83' lang='lat' dir='ltr'>semper</span> <span class='ocrx_word' id='word_1_28' title='bbox 320 721 529 803; x_wconf 87' lang='lat' dir='ltr'>obsequatnr,</span> <span class='ocrx_word' id='word_1_29' title='bbox 560 727 634 786; x_wconf 90' lang='lat' dir='ltr'>nota</span> <span class='ocrx_word' id='word_1_30' title='bbox 656 721 696 782; x_wconf 90' lang='lat' dir='ltr'>sit</span> <span class='ocrx_word' id='word_1_31' title='bbox 717 719 802 781; x_wconf 90' lang='lat' dir='ltr'>omni</span> <span class='ocrx_word' id='word_1_32' title='bbox 825 737 923 800; x_wconf 80' lang='lat' dir='ltr'>regno</span> <span class='ocrx_word' id='word_1_33' title='bbox 945 737 1075 800; x_wconf 76' lang='lat' dir='ltr'>presens</span> <span class='ocrx_word' id='word_1_34' title='bbox 1097 717 1305 796; x_wconf 86' lang='lat' dir='ltr'>confirmatio,</span> <span class='ocrx_word' id='word_1_35' title='bbox 1327 739 1389 800; x_wconf 89' lang='lat' dir='ltr'>que</span> 
     </span>
     <span class='ocr_line' id='line_1_5' title="bbox 96 806 1388 892; baseline 0 -21"><span class='ocrx_word' id='word_1_36' title='bbox 96 829 144 890; x_wconf 91' lang='lat' dir='ltr'>pro</span> <span class='ocrx_word' id='word_1_37' title='bbox 167 810 303 873; x_wconf 89' lang='lat' dir='ltr'>utilitate</span> <span class='ocrx_word' id='word_1_38' title='bbox 331 811 495 874; x_wconf 89' lang='lat' dir='ltr'>Portensis</span> <span class='ocrx_word' id='word_1_39' title='bbox 522 812 655 875; x_wconf 80' lang='lat' dir='ltr'>ecclesie</span> <span class='ocrx_word' id='word_1_40' title='bbox 682 807 909 892; x_wconf 85' lang='lat' dir='ltr'>promulgatur.</span> <span class='ocrx_word' id='word_1_41' title='bbox 951 806 1116 869; x_wconf 89' lang='lat' dir='ltr'>Monachis</span> <span class='ocrx_word' id='word_1_42' title='bbox 1137 825 1274 888; x_wconf 77' lang='lat' dir='ltr'>iramque</span> <span class='ocrx_word' id='word_1_43' title='bbox 1296 809 1329 870; x_wconf 90' lang='lat' dir='ltr'>in</span> <span class='ocrx_word' id='word_1_44' title='bbox 1352 829 1388 872; x_wconf 91' lang='lat' dir='ltr'>ea</span> 
     </span>
     <span class='ocr_line' id='line_1_6' title="bbox 95 896 1389 983; baseline 0 -23"><span class='ocrx_word' id='word_1_45' title='bbox 95 899 146 960; x_wconf 91' lang='lat' dir='ltr'>deo</span> <span class='ocrx_word' id='word_1_46' title='bbox 166 899 396 964; x_wconf 80' lang='lat' dir='ltr'>famulantibus</span> <span class='ocrx_word' id='word_1_47' title='bbox 418 920 474 983; x_wconf 87' lang='lat' dir='ltr'>pro</span> <span class='ocrx_word' id='word_1_48' title='bbox 496 902 602 964; x_wconf 89' lang='lat' dir='ltr'>anima</span> <span class='ocrx_word' id='word_1_49' title='bbox 623 907 731 962; x_wconf 89' lang='lat' dir='ltr'>nostra</span> <span class='ocrx_word' id='word_1_50' title='bbox 758 905 789 960; x_wconf 89' lang='lat' dir='ltr'>et</span> <span class='ocrx_word' id='word_1_51' title='bbox 812 917 868 980; x_wconf 89' lang='lat' dir='ltr'>pro</span> <span class='ocrx_word' id='word_1_52' title='bbox 888 896 1054 958; x_wconf 83' lang='lat' dir='ltr'>animabus</span> <span class='ocrx_word' id='word_1_53' title='bbox 1075 903 1243 980; x_wconf 88' lang='lat' dir='ltr'>parentum</span> <span class='ocrx_word' id='word_1_54' title='bbox 1266 905 1389 962; x_wconf 89' lang='lat' dir='ltr'>nostro-</span> 
     </span>
     <span class='ocr_line' id='line_1_7' title="bbox 96 985 1389 1072; baseline 0.002 -24"><span class='ocrx_word' id='word_1_55' title='bbox 96 1007 157 1050; x_wconf 90' lang='lat' dir='ltr'>rum</span> <span class='ocrx_word' id='word_1_56' title='bbox 178 989 370 1052; x_wconf 77' lang='lat' dir='ltr'>tradidimus</span> <span class='ocrx_word' id='word_1_57' title='bbox 391 990 523 1052; x_wconf 87' lang='lat' dir='ltr'>consilio</span> <span class='ocrx_word' id='word_1_58' title='bbox 551 991 728 1072; x_wconf 82' lang='lat' dir='ltr'>principum</span> <span class='ocrx_word' id='word_1_59' title='bbox 757 986 815 1049; x_wconf 90' lang='lat' dir='ltr'>sub</span> <span class='ocrx_word' id='word_1_60' title='bbox 837 987 940 1067; x_wconf 77' lang='lat' dir='ltr'>tyhrlo</span> <span class='ocrx_word' id='word_1_61' title='bbox 961 985 1139 1049; x_wconf 79' lang='lat' dir='ltr'>concambii</span> <span class='ocrx_word' id='word_1_62' title='bbox 1160 987 1267 1050; x_wconf 84' lang='lat' dir='ltr'>villam</span> <span class='ocrx_word' id='word_1_63' title='bbox 1289 1009 1389 1070; x_wconf 89' lang='lat' dir='ltr'>quan-</span> 
     </span>
     <span class='ocr_line' id='line_1_8' title="bbox 94 1074 1389 1162; baseline 0.003 -24"><span class='ocrx_word' id='word_1_64' title='bbox 94 1075 158 1140; x_wconf 85' lang='lat' dir='ltr'>dam</span> <span class='ocrx_word' id='word_1_65' title='bbox 186 1077 272 1142; x_wconf 78' lang='lat' dir='ltr'>Lo⁸²</span> <span class='ocrx_word' id='word_1_66' title='bbox 301 1088 531 1162; x_wconf 88' lang='lat' dir='ltr'>nuncupatam,</span> <span class='ocrx_word' id='word_1_67' title='bbox 560 1080 593 1142; x_wconf 90' lang='lat' dir='ltr'>in</span> <span class='ocrx_word' id='word_1_68' title='bbox 621 1097 701 1162; x_wconf 84' lang='lat' dir='ltr'>pago</span> <span class='ocrx_word' id='word_1_69' title='bbox 729 1076 899 1156; x_wconf 81' lang='lat' dir='ltr'>Tlruringie</span> <span class='ocrx_word' id='word_1_70' title='bbox 921 1076 1027 1146; x_wconf 84' lang='lat' dir='ltr'>sitam,</span> <span class='ocrx_word' id='word_1_71' title='bbox 1049 1096 1067 1136; x_wconf 89' lang='lat' dir='ltr'>a</span> <span class='ocrx_word' id='word_1_72' title='bbox 1087 1074 1252 1140; x_wconf 75' lang='lat' dir='ltr'>lantberto</span> <span class='ocrx_word' id='word_1_73' title='bbox 1274 1079 1389 1142; x_wconf 87' lang='lat' dir='ltr'>comite</span> 
     </span>
     <span class='ocr_line' id='line_1_9' title="bbox 94 1166 1390 1252; baseline 0.005 -27"><span class='ocrx_word' id='word_1_74' title='bbox 94 1166 127 1228; x_wconf 88' lang='lat' dir='ltr'>de</span> <span class='ocrx_word' id='word_1_75' title='bbox 156 1166 284 1230; x_wconf 82' lang='lat' dir='ltr'>llontol</span> <span class='ocrx_word' id='word_1_76' title='bbox 312 1167 466 1232; x_wconf 87' lang='lat' dir='ltr'>beneficio</span> <span class='ocrx_word' id='word_1_77' title='bbox 494 1169 590 1250; x_wconf 83' lang='lat' dir='ltr'>regali</span> <span class='ocrx_word' id='word_1_78' title='bbox 622 1170 708 1252; x_wconf 71' lang='lat' dir='ltr'>[oriris</span> <span class='ocrx_word' id='word_1_79' title='bbox 739 1185 932 1250; x_wconf 87' lang='lat' dir='ltr'>possessam,</span> <span class='ocrx_word' id='word_1_80' title='bbox 964 1171 1121 1246; x_wconf 88' lang='lat' dir='ltr'>quatenns</span> <span class='ocrx_word' id='word_1_81' title='bbox 1152 1184 1222 1228; x_wconf 89' lang='lat' dir='ltr'>eam</span> <span class='ocrx_word' id='word_1_82' title='bbox 1253 1167 1390 1231; x_wconf 88' lang='lat' dir='ltr'>habeant</span> 
     </span>
     <span class='ocr_line' id='line_1_10' title="bbox 92 1255 1389 1341; baseline 0.005 -27"><span class='ocrx_word' id='word_1_83' title='bbox 92 1255 210 1338; x_wconf 81' lang='lat' dir='ltr'>integra</span> <span class='ocrx_word' id='word_1_84' title='bbox 230 1262 262 1320; x_wconf 90' lang='lat' dir='ltr'>et</span> <span class='ocrx_word' id='word_1_85' title='bbox 284 1263 436 1341; x_wconf 87' lang='lat' dir='ltr'>perpetua</span> <span class='ocrx_word' id='word_1_86' title='bbox 456 1257 645 1341; x_wconf 76' lang='lat' dir='ltr'>proprietate</span> <span class='ocrx_word' id='word_1_87' title='bbox 667 1277 738 1320; x_wconf 89' lang='lat' dir='ltr'>eum</span> <span class='ocrx_word' id='word_1_88' title='bbox 762 1255 910 1319; x_wconf 89' lang='lat' dir='ltr'>onmibns</span> <span class='ocrx_word' id='word_1_89' title='bbox 926 1255 1109 1330; x_wconf 80' lang='lat' dir='ltr'>attinentiis,</span> <span class='ocrx_word' id='word_1_90' title='bbox 1130 1255 1279 1320; x_wconf 80' lang='lat' dir='ltr'>videlicet</span> <span class='ocrx_word' id='word_1_91' title='bbox 1297 1259 1389 1340; x_wconf 71' lang='lat' dir='ltr'>agris</span> 
     </span>
     <span class='ocr_line' id='line_1_11' title="bbox 93 1345 1388 1430; baseline 0.003 -23"><span class='ocrx_word' id='word_1_92' title='bbox 93 1346 192 1426; x_wconf 90' lang='lat' dir='ltr'>pratis,</span> <span class='ocrx_word' id='word_1_93' title='bbox 214 1345 394 1430; x_wconf 87' lang='lat' dir='ltr'>paludibus,</span> <span class='ocrx_word' id='word_1_94' title='bbox 415 1347 510 1410; x_wconf 84' lang='lat' dir='ltr'>cultis</span> <span class='ocrx_word' id='word_1_95' title='bbox 532 1355 562 1409; x_wconf 82' lang='lat' dir='ltr'>et</span> <span class='ocrx_word' id='word_1_96' title='bbox 583 1347 720 1422; x_wconf 89' lang='lat' dir='ltr'>incultis,</span> <span class='ocrx_word' id='word_1_97' title='bbox 743 1347 802 1408; x_wconf 83' lang='lat' dir='ltr'>riis</span> <span class='ocrx_word' id='word_1_98' title='bbox 824 1348 855 1408; x_wconf 89' lang='lat' dir='ltr'>et</span> <span class='ocrx_word' id='word_1_99' title='bbox 875 1345 972 1407; x_wconf 79' lang='lat' dir='ltr'>inviis</span> <span class='ocrx_word' id='word_1_100' title='bbox 993 1345 1143 1426; x_wconf 73' lang='lat' dir='ltr'>(arianique</span> <span class='ocrx_word' id='word_1_101' title='bbox 1162 1345 1303 1426; x_wconf 88' lang='lat' dir='ltr'>utilitate,</span> <span class='ocrx_word' id='word_1_102' title='bbox 1326 1367 1388 1428; x_wconf 90' lang='lat' dir='ltr'>que</span> 
     </span>
     <span class='ocr_line' id='line_1_12' title="bbox 92 1433 1388 1518; baseline 0.006 -24"><span class='ocrx_word' id='word_1_103' title='bbox 92 1433 204 1496; x_wconf 84' lang='lat' dir='ltr'>ibidem</span> <span class='ocrx_word' id='word_1_104' title='bbox 232 1436 463 1518; x_wconf 88' lang='lat' dir='ltr'>presentialiter</span> <span class='ocrx_word' id='word_1_105' title='bbox 492 1437 575 1499; x_wconf 84' lang='lat' dir='ltr'>inest</span> <span class='ocrx_word' id='word_1_106' title='bbox 601 1437 649 1499; x_wconf 82' lang='lat' dir='ltr'>rel</span> <span class='ocrx_word' id='word_1_107' title='bbox 672 1437 704 1499; x_wconf 90' lang='lat' dir='ltr'>in</span> <span class='ocrx_word' id='word_1_108' title='bbox 728 1437 812 1499; x_wconf 89' lang='lat' dir='ltr'>omni</span> <span class='ocrx_word' id='word_1_109' title='bbox 835 1435 1037 1518; x_wconf 87' lang='lat' dir='ltr'>postmodnm</span> <span class='ocrx_word' id='word_1_110' title='bbox 1058 1439 1199 1516; x_wconf 89' lang='lat' dir='ltr'>tempore</span> <span class='ocrx_word' id='word_1_111' title='bbox 1220 1439 1388 1518; x_wconf 77' lang='lat' dir='ltr'>provenire</span> 
     </span>
     <span class='ocr_line' id='line_1_13' title="bbox 92 1524 1389 1607; baseline 0.003 -22"><span class='ocrx_word' id='word_1_112' title='bbox 92 1529 195 1604; x_wconf 87' lang='lat' dir='ltr'>potest.</span> <span class='ocrx_word' id='word_1_113' title='bbox 228 1524 296 1586; x_wconf 88' lang='lat' dir='ltr'>lam</span> <span class='ocrx_word' id='word_1_114' title='bbox 318 1545 392 1588; x_wconf 79' lang='lat' dir='ltr'>vero</span> <span class='ocrx_word' id='word_1_115' title='bbox 415 1526 604 1602; x_wconf 87' lang='lat' dir='ltr'>notandum,</span> <span class='ocrx_word' id='word_1_116' title='bbox 626 1525 711 1607; x_wconf 74' lang='lat' dir='ltr'>(putul</span> <span class='ocrx_word' id='word_1_117' title='bbox 733 1527 816 1588; x_wconf 90' lang='lat' dir='ltr'>inter</span> <span class='ocrx_word' id='word_1_118' title='bbox 834 1525 949 1586; x_wconf 85' lang='lat' dir='ltr'>tratres</span> <span class='ocrx_word' id='word_1_119' title='bbox 970 1529 1001 1586; x_wconf 89' lang='lat' dir='ltr'>et</span> <span class='ocrx_word' id='word_1_120' title='bbox 1024 1543 1155 1604; x_wconf 75' lang='lat' dir='ltr'>regnum</span> <span class='ocrx_word' id='word_1_121' title='bbox 1180 1525 1251 1588; x_wconf 89' lang='lat' dir='ltr'>talis</span> <span class='ocrx_word' id='word_1_122' title='bbox 1272 1529 1389 1590; x_wconf 88' lang='lat' dir='ltr'>consti-</span> 
     </span>
     <span class='ocr_line' id='line_1_14' title="bbox 93 1612 1389 1697; baseline 0.004 -23"><span class='ocrx_word' id='word_1_123' title='bbox 93 1615 169 1676; x_wconf 87' lang='lat' dir='ltr'>tucio</span> <span class='ocrx_word' id='word_1_124' title='bbox 202 1614 328 1697; x_wconf 91' lang='lat' dir='ltr'>publice</span> <span class='ocrx_word' id='word_1_125' title='bbox 358 1616 442 1678; x_wconf 84' lang='lat' dir='ltr'>lacta</span> <span class='ocrx_word' id='word_1_126' title='bbox 475 1620 535 1688; x_wconf 80' lang='lat' dir='ltr'>est,</span> <span class='ocrx_word' id='word_1_127' title='bbox 570 1621 603 1678; x_wconf 88' lang='lat' dir='ltr'>nt</span> <span class='ocrx_word' id='word_1_128' title='bbox 634 1615 821 1678; x_wconf 72' lang='lat' dir='ltr'>lantbertus</span> <span class='ocrx_word' id='word_1_129' title='bbox 852 1633 908 1696; x_wconf 91' lang='lat' dir='ltr'>pro</span> <span class='ocrx_word' id='word_1_130' title='bbox 940 1612 1014 1675; x_wconf 77' lang='lat' dir='ltr'>villa</span> <span class='ocrx_word' id='word_1_131' title='bbox 1050 1615 1196 1696; x_wconf 84' lang='lat' dir='ltr'>superins</span> <span class='ocrx_word' id='word_1_132' title='bbox 1227 1617 1389 1680; x_wconf 89' lang='lat' dir='ltr'>nominata</span> 
     </span>
     <span class='ocr_line' id='line_1_15' title="bbox 92 1703 1467 1788; baseline 0.004 -25"><span class='ocrx_word' id='word_1_133' title='bbox 92 1703 246 1784; x_wconf 85' lang='lat' dir='ltr'>possideat</span> <span class='ocrx_word' id='word_1_134' title='bbox 273 1703 342 1767; x_wconf 90' lang='lat' dir='ltr'>iure</span> <span class='ocrx_word' id='word_1_135' title='bbox 372 1706 573 1788; x_wconf 89' lang='lat' dir='ltr'>prestationis</span> <span class='ocrx_word' id='word_1_136' title='bbox 601 1705 660 1768; x_wconf 90' lang='lat' dir='ltr'>sub</span> <span class='ocrx_word' id='word_1_137' title='bbox 689 1704 842 1788; x_wconf 91' lang='lat' dir='ltr'>imperiali</span> <span class='ocrx_word' id='word_1_138' title='bbox 866 1703 993 1766; x_wconf 89' lang='lat' dir='ltr'>decreto</span> <span class='ocrx_word' id='word_1_139' title='bbox 1015 1703 1047 1764; x_wconf 90' lang='lat' dir='ltr'>in</span> <span class='ocrx_word' id='word_1_140' title='bbox 1072 1711 1259 1786; x_wconf 91' lang='lat' dir='ltr'>perpetuum</span> <span class='ocrx_word' id='word_1_141' title='bbox 1279 1706 1390 1769; x_wconf 92' lang='lat' dir='ltr'>incon·</span> <span class='ocrx_word' id='word_1_142' title='bbox 1463 1714 1467 1722; x_wconf 91' lang='lat'>&#39;</span> 
     </span>
     <span class='ocr_line' id='line_1_16' title="bbox 94 1793 1389 1876; baseline 0.008 -28"><span class='ocrx_word' id='word_1_143' title='bbox 94 1793 175 1854; x_wconf 84' lang='lat' dir='ltr'>rulso</span> <span class='ocrx_word' id='word_1_144' title='bbox 198 1803 239 1856; x_wconf 78' lang='lat' dir='ltr'>x]</span> <span class='ocrx_word' id='word_1_145' title='bbox 261 1813 396 1874; x_wconf 71' lang='lat' dir='ltr'>mansos,</span> <span class='ocrx_word' id='word_1_146' title='bbox 420 1795 475 1876; x_wconf 82' lang='lat' dir='ltr'>qni</span> <span class='ocrx_word' id='word_1_147' title='bbox 496 1804 588 1858; x_wconf 88' lang='lat' dir='ltr'>antea</span> <span class='ocrx_word' id='word_1_148' title='bbox 611 1795 761 1857; x_wconf 84' lang='lat' dir='ltr'>fratribus</span> <span class='ocrx_word' id='word_1_149' title='bbox 776 1793 1003 1876; x_wconf 83' lang='lat' dir='ltr'>erantproprii,</span> <span class='ocrx_word' id='word_1_150' title='bbox 1027 1793 1389 1876; x_wconf 57' lang='lat' dir='ltr'>‹pratum-inHelfethe?</span> 
     </span>
    </p>
   </div>
   <div class='ocr_carea' id='block_1_3' title="bbox 90 1883 1389 2502">
    <p class='ocr_par' dir='ltr' id='par_1_3' title="bbox 90 1883 1389 2502">
     <span class='ocr_line' id='line_1_17' title="bbox 91 1883 1389 1966; baseline 0.004 -23"><span class='ocrx_word' id='word_1_151' title='bbox 91 1894 149 1944; x_wconf 88' lang='lat' dir='ltr'>tres</span> <span class='ocrx_word' id='word_1_152' title='bbox 175 1885 209 1945; x_wconf 92' lang='lat' dir='ltr'>in</span> <span class='ocrx_word' id='word_1_153' title='bbox 238 1883 386 1953; x_wconf 76' lang='lat' dir='ltr'>Zoulene,</span> <span class='ocrx_word' id='word_1_154' title='bbox 414 1891 477 1947; x_wconf 82' lang='lat' dir='ltr'>tres</span> <span class='ocrx_word' id='word_1_155' title='bbox 499 1886 529 1946; x_wconf 92' lang='lat' dir='ltr'>in</span> <span class='ocrx_word' id='word_1_156' title='bbox 553 1884 829 1966; x_wconf 89' lang='lat' dir='ltr'>Nemelihesdorp‚</span> <span class='ocrx_word' id='word_1_157' title='bbox 854 1903 952 1945; x_wconf 87' lang='lat' dir='ltr'>unmn</span> <span class='ocrx_word' id='word_1_158' title='bbox 975 1883 1006 1944; x_wconf 92' lang='lat' dir='ltr'>in</span> <span class='ocrx_word' id='word_1_159' title='bbox 1029 1883 1152 1945; x_wconf 75' lang='lat' dir='ltr'>Stenae.</span> <span class='ocrx_word' id='word_1_160' title='bbox 1194 1884 1254 1947; x_wconf 81' lang='lat' dir='ltr'>Sed</span> <span class='ocrx_word' id='word_1_161' title='bbox 1278 1892 1309 1948; x_wconf 91' lang='lat' dir='ltr'>et</span> <span class='ocrx_word' id='word_1_162' title='bbox 1330 1884 1389 1948; x_wconf 91' lang='lat' dir='ltr'>hoe</span> 
     </span>
     <span class='ocr_line' id='line_1_18' title="bbox 90 1971 1388 2057; baseline 0.004 -24"><span class='ocrx_word' id='word_1_163' title='bbox 90 1972 259 2046; x_wconf 79' lang='lat' dir='ltr'>sciendrmr,</span> <span class='ocrx_word' id='word_1_164' title='bbox 283 1975 358 2053; x_wconf 89' lang='lat' dir='ltr'>quia</span> <span class='ocrx_word' id='word_1_165' title='bbox 379 1975 460 2036; x_wconf 80' lang='lat' dir='ltr'>harre</span> <span class='ocrx_word' id='word_1_166' title='bbox 481 1975 759 2037; x_wconf 74' lang='lat' dir='ltr'>conmutationem</span> <span class='ocrx_word' id='word_1_167' title='bbox 784 1979 846 2035; x_wconf 91' lang='lat' dir='ltr'>tam</span> <span class='ocrx_word' id='word_1_168' title='bbox 859 1971 1046 2034; x_wconf 87' lang='lat' dir='ltr'>Lambertus</span> <span class='ocrx_word' id='word_1_169' title='bbox 1068 1991 1163 2052; x_wconf 71' lang='lat' dir='ltr'>(param</span> <span class='ocrx_word' id='word_1_170' title='bbox 1185 1973 1388 2057; x_wconf 89' lang='lat' dir='ltr'>fratrespeti-</span> 
     </span>
     <span class='ocr_line' id='line_1_19' title="bbox 91 2060 1387 2144; baseline 0.005 -24"><span class='ocrx_word' id='word_1_171' title='bbox 91 2061 232 2125; x_wconf 72' lang='lat' dir='ltr'>sionibus</span> <span class='ocrx_word' id='word_1_172' title='bbox 257 2082 276 2123; x_wconf 91' lang='lat' dir='ltr'>a</span> <span class='ocrx_word' id='word_1_173' title='bbox 306 2063 396 2124; x_wconf 90' lang='lat' dir='ltr'>nobis</span> <span class='ocrx_word' id='word_1_174' title='bbox 425 2063 632 2127; x_wconf 88' lang='lat' dir='ltr'>obtinuerunt</span> <span class='ocrx_word' id='word_1_175' title='bbox 659 2071 689 2126; x_wconf 92' lang='lat' dir='ltr'>et</span> <span class='ocrx_word' id='word_1_176' title='bbox 719 2061 805 2143; x_wconf 88' lang='lat' dir='ltr'>qnod</span> <span class='ocrx_word' id='word_1_177' title='bbox 827 2060 1013 2124; x_wconf 87' lang='lat' dir='ltr'>Lambertus</span> <span class='ocrx_word' id='word_1_178' title='bbox 1038 2061 1170 2123; x_wconf 87' lang='lat' dir='ltr'>fratrum</span> <span class='ocrx_word' id='word_1_179' title='bbox 1199 2063 1307 2144; x_wconf 90' lang='lat' dir='ltr'>predia</span> <span class='ocrx_word' id='word_1_180' title='bbox 1329 2064 1387 2126; x_wconf 88' lang='lat' dir='ltr'>sibi</span> 
     </span>
     <span class='ocr_line' id='line_1_20' title="bbox 93 2151 1389 2236; baseline 0.005 -25"><span class='ocrx_word' id='word_1_181' title='bbox 93 2161 121 2212; x_wconf 86' lang='lat' dir='ltr'>et</span> <span class='ocrx_word' id='word_1_182' title='bbox 142 2171 237 2234; x_wconf 87' lang='lat' dir='ltr'>regno</span> <span class='ocrx_word' id='word_1_183' title='bbox 252 2152 552 2232; x_wconf 83' lang='lat' dir='ltr'>iudicavitntiliora,</span> <span class='ocrx_word' id='word_1_184' title='bbox 574 2159 681 2236; x_wconf 87' lang='lat' dir='ltr'>utpote</span> <span class='ocrx_word' id='word_1_185' title='bbox 704 2151 890 2215; x_wconf 81' lang='lat' dir='ltr'>habitationi</span> <span class='ocrx_word' id='word_1_186' title='bbox 913 2171 968 2216; x_wconf 89' lang='lat' dir='ltr'>sae</span> <span class='ocrx_word' id='word_1_187' title='bbox 990 2151 1143 2214; x_wconf 75' lang='lat' dir='ltr'>viciniora</span> <span class='ocrx_word' id='word_1_188' title='bbox 1165 2157 1196 2214; x_wconf 91' lang='lat' dir='ltr'>et</span> <span class='ocrx_word' id='word_1_189' title='bbox 1216 2153 1249 2214; x_wconf 89' lang='lat' dir='ltr'>in</span> <span class='ocrx_word' id='word_1_190' title='bbox 1273 2172 1389 2216; x_wconf 88' lang='lat' dir='ltr'>census</span> 
     </span>
     <span class='ocr_line' id='line_1_21' title="bbox 90 2239 1388 2324; baseline 0.002 -22"><span class='ocrx_word' id='word_1_191' title='bbox 90 2241 302 2324; x_wconf 83' lang='lat' dir='ltr'>prepollentia,</span> <span class='ocrx_word' id='word_1_192' title='bbox 322 2252 415 2304; x_wconf 74' lang='lat' dir='ltr'>xxvl</span> <span class='ocrx_word' id='word_1_193' title='bbox 439 2243 557 2306; x_wconf 85' lang='lat' dir='ltr'>solidos</span> <span class='ocrx_word' id='word_1_194' title='bbox 578 2243 712 2324; x_wconf 80' lang='lat' dir='ltr'>singulis</span> <span class='ocrx_word' id='word_1_195' title='bbox 733 2242 825 2304; x_wconf 91' lang='lat' dir='ltr'>annis</span> <span class='ocrx_word' id='word_1_196' title='bbox 846 2241 917 2324; x_wconf 88' lang='lat' dir='ltr'>plus</span> <span class='ocrx_word' id='word_1_197' title='bbox 939 2239 1159 2319; x_wconf 80' lang='lat' dir='ltr'>persolventia.</span> <span class='ocrx_word' id='word_1_198' title='bbox 1196 2239 1272 2302; x_wconf 91' lang='lat' dir='ltr'>Ideo</span> <span class='ocrx_word' id='word_1_199' title='bbox 1293 2241 1388 2304; x_wconf 88' lang='lat' dir='ltr'>etiam</span> 
     </span>
     <span class='ocr_line' id='line_1_22' title="bbox 90 2329 1388 2414; baseline 0.002 -24"><span class='ocrx_word' id='word_1_200' title='bbox 90 2330 314 2394; x_wconf 76' lang='lat' dir='ltr'>canabieionenr</span> <span class='ocrx_word' id='word_1_201' title='bbox 342 2332 432 2394; x_wconf 91' lang='lat' dir='ltr'>istam</span> <span class='ocrx_word' id='word_1_202' title='bbox 460 2333 632 2396; x_wconf 83' lang='lat' dir='ltr'>tradicione</span> <span class='ocrx_word' id='word_1_203' title='bbox 661 2333 746 2414; x_wconf 77' lang='lat' dir='ltr'>regia</span> <span class='ocrx_word' id='word_1_204' title='bbox 769 2331 985 2408; x_wconf 74' lang='lat' dir='ltr'>firmavimus,</span> <span class='ocrx_word' id='word_1_205' title='bbox 1014 2329 1173 2409; x_wconf 87' lang='lat' dir='ltr'>quiahoc</span> <span class='ocrx_word' id='word_1_206' title='bbox 1202 2330 1388 2393; x_wconf 85' lang='lat' dir='ltr'>humanitati</span> 
     </span>
     <span class='ocr_line' id='line_1_23' title="bbox 91 2418 1388 2502; baseline 0.005 -26"><span class='ocrx_word' id='word_1_207' title='bbox 91 2427 191 2482; x_wconf 89' lang='lat' dir='ltr'>nostre</span> <span class='ocrx_word' id='word_1_208' title='bbox 216 2421 375 2502; x_wconf 83' lang='lat' dir='ltr'>suggessit</span> <span class='ocrx_word' id='word_1_209' title='bbox 401 2423 495 2484; x_wconf 88' lang='lat' dir='ltr'>etiam</span> <span class='ocrx_word' id='word_1_210' title='bbox 518 2421 710 2484; x_wconf 84' lang='lat' dir='ltr'>venerabilis</span> <span class='ocrx_word' id='word_1_211' title='bbox 731 2419 794 2482; x_wconf 75' lang='lat' dir='ltr'>l&#39;to</span> <span class='ocrx_word' id='word_1_212' title='bbox 815 2418 1079 2500; x_wconf 87' lang='lat' dir='ltr'>Nuenbnrgensis</span> <span class='ocrx_word' id='word_1_213' title='bbox 1101 2419 1283 2502; x_wconf 74' lang='lat' dir='ltr'>episcopua,</span> <span class='ocrx_word' id='word_1_214' title='bbox 1313 2439 1388 2484; x_wconf 93' lang='lat' dir='ltr'>con-</span> 
     </span>
    </p>
   </div>
   <div class='ocr_carea' id='block_1_4' title="bbox 90 2507 1389 4292">
    <p class='ocr_par' dir='ltr' id='par_1_4' title="bbox 90 2507 1389 4292">
     <span class='ocr_line' id='line_1_24' title="bbox 91 2507 1389 2591; baseline 0.005 -24"><span class='ocrx_word' id='word_1_215' title='bbox 91 2509 280 2588; x_wconf 76' lang='lat' dir='ltr'>sanguineus</span> <span class='ocrx_word' id='word_1_216' title='bbox 303 2515 422 2590; x_wconf 70' lang='lat' dir='ltr'>noster,</span> <span class='ocrx_word' id='word_1_217' title='bbox 460 2519 492 2573; x_wconf 91' lang='lat' dir='ltr'>et</span> <span class='ocrx_word' id='word_1_218' title='bbox 528 2511 664 2574; x_wconf 88' lang='lat' dir='ltr'>domnus</span> <span class='ocrx_word' id='word_1_219' title='bbox 694 2509 900 2586; x_wconf 87' lang='lat' dir='ltr'>Adelbertns,</span> <span class='ocrx_word' id='word_1_220' title='bbox 940 2509 1060 2591; x_wconf 88' lang='lat' dir='ltr'>primns</span> <span class='ocrx_word' id='word_1_221' title='bbox 1098 2507 1196 2570; x_wconf 89' lang='lat' dir='ltr'>abbas</span> <span class='ocrx_word' id='word_1_222' title='bbox 1226 2509 1389 2574; x_wconf 89' lang='lat' dir='ltr'>Portensis</span> 
     </span>
     <span class='ocr_line' id='line_1_25' title="bbox 90 2597 1389 2681; baseline 0.006 -27"><span class='ocrx_word' id='word_1_223' title='bbox 90 2598 225 2661; x_wconf 84' lang='lat' dir='ltr'>ecclesie.</span> <span class='ocrx_word' id='word_1_224' title='bbox 272 2597 313 2662; x_wconf 89' lang='lat' dir='ltr'>Ut</span> <span class='ocrx_word' id='word_1_225' title='bbox 341 2605 447 2663; x_wconf 88' lang='lat' dir='ltr'>nutem</span> <span class='ocrx_word' id='word_1_226' title='bbox 473 2601 531 2664; x_wconf 91' lang='lat' dir='ltr'>hoc</span> <span class='ocrx_word' id='word_1_227' title='bbox 551 2607 656 2664; x_wconf 89' lang='lat' dir='ltr'>nostro</span> <span class='ocrx_word' id='word_1_228' title='bbox 679 2599 913 2662; x_wconf 85' lang='lat' dir='ltr'>constitutionis</span> <span class='ocrx_word' id='word_1_229' title='bbox 933 2603 1116 2681; x_wconf 88' lang='lat' dir='ltr'>preceptum</span> <span class='ocrx_word' id='word_1_230' title='bbox 1139 2598 1268 2662; x_wconf 88' lang='lat' dir='ltr'>firmum</span> <span class='ocrx_word' id='word_1_231' title='bbox 1289 2607 1321 2662; x_wconf 90' lang='lat' dir='ltr'>et</span> <span class='ocrx_word' id='word_1_232' title='bbox 1340 2600 1389 2662; x_wconf 92' lang='lat' dir='ltr'>in-</span> 
     </span>
     <span class='ocr_line' id='line_1_26' title="bbox 90 2685 1388 2772; baseline 0.005 -27"><span class='ocrx_word' id='word_1_233' title='bbox 90 2705 274 2748; x_wconf 81' lang='lat' dir='ltr'>nnrcussum</span> <span class='ocrx_word' id='word_1_234' title='bbox 298 2700 495 2770; x_wconf 84' lang='lat' dir='ltr'>permaneat,</span> <span class='ocrx_word' id='word_1_235' title='bbox 518 2691 599 2752; x_wconf 91' lang='lat' dir='ltr'>hane</span> <span class='ocrx_word' id='word_1_236' title='bbox 622 2695 740 2752; x_wconf 88' lang='lat' dir='ltr'>cartam</span> <span class='ocrx_word' id='word_1_237' title='bbox 763 2689 837 2751; x_wconf 89' lang='lat' dir='ltr'>inde</span> <span class='ocrx_word' id='word_1_238' title='bbox 859 2687 954 2750; x_wconf 85' lang='lat' dir='ltr'>scribi</span> <span class='ocrx_word' id='word_1_239' title='bbox 977 2692 1008 2750; x_wconf 90' lang='lat' dir='ltr'>et</span> <span class='ocrx_word' id='word_1_240' title='bbox 1029 2685 1123 2768; x_wconf 85' lang='lat' dir='ltr'>sigilli</span> <span class='ocrx_word' id='word_1_241' title='bbox 1146 2689 1245 2751; x_wconf 90' lang='lat' dir='ltr'>nostri</span> <span class='ocrx_word' id='word_1_242' title='bbox 1266 2690 1388 2772; x_wconf 92' lang='lat' dir='ltr'>inpres-</span> 
     </span>
     <span class='ocr_line' id='line_1_27' title="bbox 91 2775 1388 2862; baseline 0.009 -31"><span class='ocrx_word' id='word_1_243' title='bbox 91 2775 173 2837; x_wconf 80' lang='lat' dir='ltr'>sione</span> <span class='ocrx_word' id='word_1_244' title='bbox 195 2776 343 2854; x_wconf 72' lang='lat' dir='ltr'>insigniri</span> <span class='ocrx_word' id='word_1_245' title='bbox 361 2778 513 2840; x_wconf 84' lang='lat' dir='ltr'>iussimus</span> <span class='ocrx_word' id='word_1_246' title='bbox 533 2797 694 2858; x_wconf 88' lang='lat' dir='ltr'>manuque</span> <span class='ocrx_word' id='word_1_247' title='bbox 716 2778 857 2862; x_wconf 88' lang='lat' dir='ltr'>propria,</span> <span class='ocrx_word' id='word_1_248' title='bbox 887 2782 922 2838; x_wconf 89' lang='lat' dir='ltr'>nt</span> <span class='ocrx_word' id='word_1_249' title='bbox 940 2776 1023 2838; x_wconf 83' lang='lat' dir='ltr'>inira</span> <span class='ocrx_word' id='word_1_250' title='bbox 1045 2782 1182 2858; x_wconf 70' lang='lat' dir='ltr'>apparet,</span> <span class='ocrx_word' id='word_1_251' title='bbox 1204 2779 1388 2843; x_wconf 88' lang='lat' dir='ltr'>corrobora-</span> 
     </span>
     <span class='ocr_line' id='line_1_28' title="bbox 91 2863 1387 2950; baseline 0.011 -30"><span class='ocrx_word' id='word_1_252' title='bbox 91 2865 197 2926; x_wconf 85' lang='lat' dir='ltr'>rimns.</span> <span class='ocrx_word' id='word_1_253' title='bbox 239 2863 271 2925; x_wconf 75' lang='lat' dir='ltr'>Si</span> <span class='ocrx_word' id='word_1_254' title='bbox 296 2867 367 2946; x_wconf 77' lang='lat' dir='ltr'>qtds</span> <span class='ocrx_word' id='word_1_255' title='bbox 390 2877 512 2936; x_wconf 81' lang='lat' dir='ltr'>autem,</span> <span class='ocrx_word' id='word_1_256' title='bbox 540 2867 623 2948; x_wconf 76' lang='lat' dir='ltr'>(prod</span> <span class='ocrx_word' id='word_1_257' title='bbox 647 2867 745 2944; x_wconf 89' lang='lat' dir='ltr'>absit,</span> <span class='ocrx_word' id='word_1_258' title='bbox 774 2867 833 2927; x_wconf 92' lang='lat' dir='ltr'>hoc</span> <span class='ocrx_word' id='word_1_259' title='bbox 855 2870 997 2927; x_wconf 86' lang='lat' dir='ltr'>nostram</span> <span class='ocrx_word' id='word_1_260' title='bbox 1020 2871 1203 2948; x_wconf 87' lang='lat' dir='ltr'>preceptum</span> <span class='ocrx_word' id='word_1_261' title='bbox 1224 2867 1259 2928; x_wconf 92' lang='lat' dir='ltr'>in</span> <span class='ocrx_word' id='word_1_262' title='bbox 1280 2869 1387 2950; x_wconf 88' lang='lat' dir='ltr'>aliquo</span> 
     </span>
     <span class='ocr_line' id='line_1_29' title="bbox 90 2952 1385 3040; baseline 0.007 -29"><span class='ocrx_word' id='word_1_263' title='bbox 90 2952 201 3015; x_wconf 81' lang='lat' dir='ltr'>violare</span> <span class='ocrx_word' id='word_1_264' title='bbox 222 2957 459 3038; x_wconf 78' lang='lat' dir='ltr'>presumpserit,</span> <span class='ocrx_word' id='word_1_265' title='bbox 480 2966 501 3020; x_wconf 90' lang='lat' dir='ltr'>L</span> <span class='ocrx_word' id='word_1_266' title='bbox 521 2957 619 3019; x_wconf 89' lang='lat' dir='ltr'>libras</span> <span class='ocrx_word' id='word_1_267' title='bbox 640 2957 710 3018; x_wconf 89' lang='lat' dir='ltr'>auri</span> <span class='ocrx_word' id='word_1_268' title='bbox 731 2955 891 3038; x_wconf 88' lang='lat' dir='ltr'>purissimi</span> <span class='ocrx_word' id='word_1_269' title='bbox 913 2960 1079 3037; x_wconf 74' lang='lat' dir='ltr'>crarrponat,</span> <span class='ocrx_word' id='word_1_270' title='bbox 1107 2974 1242 3034; x_wconf 85' lang='lat' dir='ltr'>quarum</span> <span class='ocrx_word' id='word_1_271' title='bbox 1264 2965 1385 3040; x_wconf 86' lang='lat' dir='ltr'>partem</span> 
     </span>
     <span class='ocr_line' id='line_1_30' title="bbox 91 3040 1386 3128; baseline 0.006 -26"><span class='ocrx_word' id='word_1_272' title='bbox 91 3040 247 3106; x_wconf 87' lang='lat' dir='ltr'>dimidiam</span> <span class='ocrx_word' id='word_1_273' title='bbox 285 3055 409 3107; x_wconf 86' lang='lat' dir='ltr'>camere</span> <span class='ocrx_word' id='word_1_274' title='bbox 442 3053 564 3124; x_wconf 86' lang='lat' dir='ltr'>nostre,</span> <span class='ocrx_word' id='word_1_275' title='bbox 598 3045 752 3125; x_wconf 87' lang='lat' dir='ltr'>reliquam</span> <span class='ocrx_word' id='word_1_276' title='bbox 781 3064 855 3106; x_wconf 85' lang='lat' dir='ltr'>vero</span> <span class='ocrx_word' id='word_1_277' title='bbox 881 3043 1021 3127; x_wconf 90' lang='lat' dir='ltr'>predicte</span> <span class='ocrx_word' id='word_1_278' title='bbox 1054 3043 1187 3108; x_wconf 86' lang='lat' dir='ltr'>ecclesie</span> <span class='ocrx_word' id='word_1_279' title='bbox 1219 3047 1386 3128; x_wconf 87' lang='lat' dir='ltr'>persolvat</span> 
     </span>
     <span class='ocr_line' id='line_1_31' title="bbox 90 3131 1387 3215; baseline 0.006 -23"><span class='ocrx_word' id='word_1_280' title='bbox 90 3131 186 3213; x_wconf 80' lang='lat' dir='ltr'>Igitur</span> <span class='ocrx_word' id='word_1_281' title='bbox 211 3134 336 3210; x_wconf 76' lang='lat' dir='ltr'>villam,</span> <span class='ocrx_word' id='word_1_282' title='bbox 367 3153 428 3215; x_wconf 90' lang='lat' dir='ltr'>que</span> <span class='ocrx_word' id='word_1_283' title='bbox 459 3135 575 3198; x_wconf 88' lang='lat' dir='ltr'>dicitnr</span> <span class='ocrx_word' id='word_1_284' title='bbox 602 3135 701 3205; x_wconf 83' lang='lat' dir='ltr'>Lech,</span> <span class='ocrx_word' id='word_1_285' title='bbox 728 3134 891 3196; x_wconf 88' lang='lat' dir='ltr'>Portensis</span> <span class='ocrx_word' id='word_1_286' title='bbox 912 3132 1047 3196; x_wconf 89' lang='lat' dir='ltr'>ecclesia</span> <span class='ocrx_word' id='word_1_287' title='bbox 1067 3134 1227 3215; x_wconf 89' lang='lat' dir='ltr'>possideat</span> <span class='ocrx_word' id='word_1_288' title='bbox 1247 3141 1279 3198; x_wconf 89' lang='lat' dir='ltr'>et</span> <span class='ocrx_word' id='word_1_289' title='bbox 1295 3135 1387 3200; x_wconf 87' lang='lat' dir='ltr'>Lam-</span> 
     </span>
     <span class='ocr_line' id='line_1_32' title="bbox 91 3219 1387 3307; baseline 0.005 -24"><span class='ocrx_word' id='word_1_290' title='bbox 91 3219 193 3285; x_wconf 90' lang='lat' dir='ltr'>bertus</span> <span class='ocrx_word' id='word_1_291' title='bbox 224 3243 332 3286; x_wconf 88' lang='lat' dir='ltr'>eomes</span> <span class='ocrx_word' id='word_1_292' title='bbox 370 3233 411 3288; x_wconf 76' lang='lat' dir='ltr'>xl</span> <span class='ocrx_word' id='word_1_293' title='bbox 445 3244 573 3288; x_wconf 83' lang='lat' dir='ltr'>mansos</span> <span class='ocrx_word' id='word_1_294' title='bbox 603 3243 699 3307; x_wconf 90' lang='lat' dir='ltr'>snpra</span> <span class='ocrx_word' id='word_1_295' title='bbox 729 3223 910 3304; x_wconf 77' lang='lat' dir='ltr'>designatos</span> <span class='ocrx_word' id='word_1_296' title='bbox 941 3222 1087 3285; x_wconf 87' lang='lat' dir='ltr'>detineat.</span> <span class='ocrx_word' id='word_1_297' title='bbox 1141 3223 1246 3286; x_wconf 87' lang='lat' dir='ltr'>Huius</span> <span class='ocrx_word' id='word_1_298' title='bbox 1280 3234 1387 3291; x_wconf 89' lang='lat' dir='ltr'>nostre</span> 
     </span>
     <span class='ocr_line' id='line_1_33' title="bbox 92 3311 1388 3396; baseline 0.005 -24"><span class='ocrx_word' id='word_1_299' title='bbox 92 3311 294 3376; x_wconf 81' lang='lat' dir='ltr'>diffinicionis</span> <span class='ocrx_word' id='word_1_300' title='bbox 322 3319 418 3378; x_wconf 88' lang='lat' dir='ltr'>testes</span> <span class='ocrx_word' id='word_1_301' title='bbox 448 3321 535 3392; x_wconf 92' lang='lat' dir='ltr'>sunt,</span> <span class='ocrx_word' id='word_1_302' title='bbox 563 3335 697 3396; x_wconf 73' lang='lat' dir='ltr'>qrrrrrunr</span> <span class='ocrx_word' id='word_1_303' title='bbox 721 3315 850 3375; x_wconf 89' lang='lat' dir='ltr'>nomina</span> <span class='ocrx_word' id='word_1_304' title='bbox 874 3312 1051 3393; x_wconf 87' lang='lat' dir='ltr'>subscripta</span> <span class='ocrx_word' id='word_1_305' title='bbox 1073 3319 1161 3376; x_wconf 78' lang='lat' dir='ltr'>strat:</span> <span class='ocrx_word' id='word_1_306' title='bbox 1183 3312 1388 3380; x_wconf 84' lang='lat' dir='ltr'>Eberhardus</span> 
     </span>
     <span class='ocr_line' id='line_1_34' title="bbox 91 3399 1387 3487; baseline 0.006 -25"><span class='ocrx_word' id='word_1_307' title='bbox 91 3399 373 3486; x_wconf 75' lang='lat' dir='ltr'>Babinbergensise</span> <span class='ocrx_word' id='word_1_308' title='bbox 395 3405 571 3487; x_wconf 87' lang='lat' dir='ltr'>episcopas,</span> <span class='ocrx_word' id='word_1_309' title='bbox 591 3402 861 3466; x_wconf 88' lang='lat' dir='ltr'>Heinrieusfilius</span> <span class='ocrx_word' id='word_1_310' title='bbox 873 3401 965 3482; x_wconf 78' lang='lat' dir='ltr'>regis,</span> <span class='ocrx_word' id='word_1_311' title='bbox 986 3399 1167 3464; x_wconf 66' lang='lat' dir='ltr'>hildericus</span> <span class='ocrx_word' id='word_1_312' title='bbox 1179 3401 1246 3464; x_wconf 72' lang='lat' dir='ltr'>darn</span> <span class='ocrx_word' id='word_1_313' title='bbox 1257 3404 1387 3482; x_wconf 79' lang='lat' dir='ltr'>Alsatie,</span> 
     </span>
     <span class='ocr_line' id='line_1_35' title="bbox 91 3487 1387 3576; baseline 0.005 -24"><span class='ocrx_word' id='word_1_314' title='bbox 91 3487 257 3554; x_wconf 83' lang='lat' dir='ltr'>Heinnens</span> <span class='ocrx_word' id='word_1_315' title='bbox 287 3512 394 3556; x_wconf 91' lang='lat' dir='ltr'>comes</span> <span class='ocrx_word' id='word_1_316' title='bbox 424 3493 602 3576; x_wconf 78' lang='lat' dir='ltr'>palatinusd</span> <span class='ocrx_word' id='word_1_317' title='bbox 631 3493 669 3556; x_wconf 90' lang='lat' dir='ltr'>de</span> <span class='ocrx_word' id='word_1_318' title='bbox 696 3491 797 3566; x_wconf 87' lang='lat' dir='ltr'>Reno,</span> <span class='ocrx_word' id='word_1_319' title='bbox 825 3491 1006 3554; x_wconf 86' lang='lat' dir='ltr'>Fn&#39;derious</span> <span class='ocrx_word' id='word_1_320' title='bbox 1034 3490 1191 3572; x_wconf 86' lang='lat' dir='ltr'>palatinus</span> <span class='ocrx_word' id='word_1_321' title='bbox 1220 3513 1327 3558; x_wconf 87' lang='lat' dir='ltr'>eomes</span> <span class='ocrx_word' id='word_1_322' title='bbox 1348 3495 1387 3560; x_wconf 93' lang='lat' dir='ltr'>de</span> 
     </span>
     <span class='ocr_line' id='line_1_36' title="bbox 91 3577 1387 3660; baseline 0.005 -19"><span class='ocrx_word' id='word_1_323' title='bbox 91 3577 393 3660; x_wconf 88' lang='lat' dir='ltr'>Sumerscenburch,</span> <span class='ocrx_word' id='word_1_324' title='bbox 414 3581 601 3647; x_wconf 87' lang='lat' dir='ltr'>Lambertus</span> <span class='ocrx_word' id='word_1_325' title='bbox 623 3583 662 3646; x_wconf 90' lang='lat' dir='ltr'>de</span> <span class='ocrx_word' id='word_1_326' title='bbox 684 3582 806 3660; x_wconf 88' lang='lat' dir='ltr'>Monte,</span> <span class='ocrx_word' id='word_1_327' title='bbox 827 3580 1015 3644; x_wconf 83' lang='lat' dir='ltr'>Lodewieus</span> <span class='ocrx_word' id='word_1_328' title='bbox 1035 3581 1073 3643; x_wconf 87' lang='lat' dir='ltr'>de</span> <span class='ocrx_word' id='word_1_329' title='bbox 1095 3579 1186 3660; x_wconf 80' lang='lat' dir='ltr'>lare,</span> <span class='ocrx_word' id='word_1_330' title='bbox 1207 3583 1387 3648; x_wconf 72' lang='lat' dir='ltr'>thidericus</span> 
     </span>
     <span class='ocr_line' id='line_1_37' title="bbox 91 3669 1389 3754; baseline 0.008 -27"><span class='ocrx_word' id='word_1_331' title='bbox 91 3669 127 3732; x_wconf 87' lang='lat' dir='ltr'>de</span> <span class='ocrx_word' id='word_1_332' title='bbox 163 3669 386 3754; x_wconf 86' lang='lat' dir='ltr'>Bichelingen,</span> <span class='ocrx_word' id='word_1_333' title='bbox 424 3672 560 3736; x_wconf 78' lang='lat' dir='ltr'>Albero⁰</span> <span class='ocrx_word' id='word_1_334' title='bbox 601 3673 640 3734; x_wconf 89' lang='lat' dir='ltr'>de</span> <span class='ocrx_word' id='word_1_335' title='bbox 677 3671 878 3747; x_wconf 84' lang='lat' dir='ltr'>hlarsburch,</span> <span class='ocrx_word' id='word_1_336' title='bbox 917 3669 1077 3750; x_wconf 75' lang='lat' dir='ltr'>Hoigorus</span> <span class='ocrx_word' id='word_1_337' title='bbox 1108 3671 1146 3734; x_wconf 90' lang='lat' dir='ltr'>de</span> <span class='ocrx_word' id='word_1_338' title='bbox 1178 3672 1389 3754; x_wconf 76' lang='lat' dir='ltr'>Manneslelt,¹</span> 
     </span>
     <span class='ocr_line' id='line_1_38' title="bbox 90 3757 1387 3842; baseline 0.006 -23"><span class='ocrx_word' id='word_1_339' title='bbox 90 3757 297 3841; x_wconf 85' lang='lat' dir='ltr'>llegenherus</span> <span class='ocrx_word' id='word_1_340' title='bbox 327 3761 365 3824; x_wconf 92' lang='lat' dir='ltr'>de</span> <span class='ocrx_word' id='word_1_341' title='bbox 392 3761 622 3838; x_wconf 69' lang='lat' dir='ltr'>Nuenbnrch⁸3</span> <span class='ocrx_word' id='word_1_342' title='bbox 653 3759 874 3822; x_wconf 85' lang='lat' dir='ltr'>ministeriales</span> <span class='ocrx_word' id='word_1_343' title='bbox 901 3761 1004 3841; x_wconf 74' lang='lat' dir='ltr'>regni,</span> <span class='ocrx_word' id='word_1_344' title='bbox 1032 3761 1086 3840; x_wconf 85' lang='lat' dir='ltr'>qui</span> <span class='ocrx_word' id='word_1_345' title='bbox 1108 3768 1278 3842; x_wconf 70' lang='lat' dir='ltr'>setpurtur:</span> <span class='ocrx_word' id='word_1_346' title='bbox 1302 3764 1387 3827; x_wconf 88' lang='lat' dir='ltr'>Cun-</span> 
     </span>
     <span class='ocr_line' id='line_1_39' title="bbox 92 3849 1385 3931; baseline 0.004 -21"><span class='ocrx_word' id='word_1_347' title='bbox 92 3850 182 3912; x_wconf 89' lang='lat' dir='ltr'>radus</span> <span class='ocrx_word' id='word_1_348' title='bbox 202 3851 448 3928; x_wconf 91' lang='lat' dir='ltr'>Berenhoineth,</span> <span class='ocrx_word' id='word_1_349' title='bbox 469 3849 733 3931; x_wconf 75' lang='lat' dir='ltr'>Hyldebrandus,</span> <span class='ocrx_word' id='word_1_350' title='bbox 762 3849 943 3930; x_wconf 74' lang='lat' dir='ltr'>Gernigus,</span> <span class='ocrx_word' id='word_1_351' title='bbox 964 3849 1175 3931; x_wconf 74' lang='lat' dir='ltr'>&#39;l&#39;ieprandus,</span> <span class='ocrx_word' id='word_1_352' title='bbox 1197 3851 1385 3918; x_wconf 78' lang='lat' dir='ltr'>llriderious.</span> 
     </span>
     <span class='ocr_line' id='line_1_40' title="bbox 91 3935 1387 4018; baseline 0.004 -19"><span class='ocrx_word' id='word_1_353' title='bbox 91 3935 167 4000; x_wconf 89' lang='lat' dir='ltr'>Data</span> <span class='ocrx_word' id='word_1_354' title='bbox 194 3939 411 4004; x_wconf 76' lang='lat' dir='ltr'>lt&#39;uenburehl</span> <span class='ocrx_word' id='word_1_355' title='bbox 439 3950 540 4004; x_wconf 74' lang='lat' dir='ltr'>xn&#39;110</span> <span class='ocrx_word' id='word_1_356' title='bbox 572 3939 723 4003; x_wconf 85' lang='lat' dir='ltr'>kalendas</span> <span class='ocrx_word' id='word_1_357' title='bbox 753 3939 860 4018; x_wconf 77' lang='lat' dir='ltr'>lunii,</span> <span class='ocrx_word' id='word_1_358' title='bbox 891 3938 1064 4001; x_wconf 89' lang='lat' dir='ltr'>indictione</span> <span class='ocrx_word' id='word_1_359' title='bbox 1090 3949 1143 4018; x_wconf 82' lang='lat' dir='ltr'>X&#39;,</span> <span class='ocrx_word' id='word_1_360' title='bbox 1172 3960 1255 4003; x_wconf 90' lang='lat' dir='ltr'>anno</span> <span class='ocrx_word' id='word_1_361' title='bbox 1279 3941 1317 4004; x_wconf 92' lang='lat' dir='ltr'>ab</span> <span class='ocrx_word' id='word_1_362' title='bbox 1339 3944 1387 4004; x_wconf 94' lang='lat' dir='ltr'>in·</span> 
     </span>
     <span class='ocr_line' id='line_1_41' title="bbox 92 4027 1386 4114; baseline 0.006 -26"><span class='ocrx_word' id='word_1_363' title='bbox 92 4031 268 4093; x_wconf 88' lang='lat' dir='ltr'>camatione</span> <span class='ocrx_word' id='word_1_364' title='bbox 291 4030 411 4092; x_wconf 90' lang='lat' dir='ltr'>domini</span> <span class='ocrx_word' id='word_1_365' title='bbox 432 4039 606 4094; x_wconf 81' lang='lat' dir='ltr'>ll⁰C⁰Xh⁰</span> <span class='ocrx_word' id='word_1_366' title='bbox 620 4039 698 4108; x_wconf 82' lang='lat' dir='ltr'>vll⁰,</span> <span class='ocrx_word' id='word_1_367' title='bbox 729 4034 882 4110; x_wconf 77' lang='lat' dir='ltr'>regnante</span> <span class='ocrx_word' id='word_1_368' title='bbox 905 4027 1053 4089; x_wconf 84' lang='lat' dir='ltr'>Conrado</span> <span class='ocrx_word' id='word_1_369' title='bbox 1075 4027 1290 4093; x_wconf 85' lang='lat' dir='ltr'>Romanorum</span> <span class='ocrx_word' id='word_1_370' title='bbox 1313 4052 1386 4114; x_wconf 83' lang='lat' dir='ltr'>rege</span> 
     </span>
     <span class='ocr_line' id='line_1_42' title="bbox 92 4116 1386 4200; baseline 0.005 -22"><span class='ocrx_word' id='word_1_371' title='bbox 92 4119 239 4192; x_wconf 88' lang='lat' dir='ltr'>secunde,</span> <span class='ocrx_word' id='word_1_372' title='bbox 262 4138 348 4182; x_wconf 92' lang='lat' dir='ltr'>anno</span> <span class='ocrx_word' id='word_1_373' title='bbox 383 4120 469 4200; x_wconf 80' lang='lat' dir='ltr'>regni</span> <span class='ocrx_word' id='word_1_374' title='bbox 503 4121 572 4182; x_wconf 88' lang='lat' dir='ltr'>eius</span> <span class='ocrx_word' id='word_1_375' title='bbox 602 4119 745 4180; x_wconf 64' lang='lat' dir='ltr'>decimet</span> <span class='ocrx_word' id='word_1_376' title='bbox 798 4117 865 4198; x_wconf 82' lang='lat' dir='ltr'>Ego</span> <span class='ocrx_word' id='word_1_377' title='bbox 892 4116 1055 4178; x_wconf 78' lang='lat' dir='ltr'>Arnoldus</span> <span class='ocrx_word' id='word_1_378' title='bbox 1082 4119 1291 4181; x_wconf 77' lang='lat' dir='ltr'>caracellarins</span> <span class='ocrx_word' id='word_1_379' title='bbox 1317 4123 1386 4185; x_wconf 88' lang='lat' dir='ltr'>vice</span> 
     </span>
     <span class='ocr_line' id='line_1_43' title="bbox 91 4205 1026 4292; baseline 0 -24"><span class='ocrx_word' id='word_1_380' title='bbox 91 4205 227 4272; x_wconf 87' lang='lat' dir='ltr'>Heinrici</span> <span class='ocrx_word' id='word_1_381' title='bbox 258 4209 487 4292; x_wconf 88' lang='lat' dir='ltr'>archiepiscopi</span> <span class='ocrx_word' id='word_1_382' title='bbox 508 4217 539 4272; x_wconf 93' lang='lat' dir='ltr'>et</span> <span class='ocrx_word' id='word_1_383' title='bbox 561 4207 830 4270; x_wconf 81' lang='lat' dir='ltr'>archicancellarii</span> <span class='ocrx_word' id='word_1_384' title='bbox 849 4207 1026 4286; x_wconf 78' lang='lat' dir='ltr'>recognovi.</span> 
     </span>
    </p>
   </div>
   <div class='ocr_carea' id='block_1_5' title="bbox 93 4329 1386 4491">
    <p class='ocr_par' dir='ltr' id='par_1_5' title="bbox 93 4329 1386 4491">
     <span class='ocr_line' id='line_1_44' title="bbox 158 4329 1386 4409; baseline 0.002 -15"><span class='ocrx_word' id='word_1_385' title='bbox 158 4340 215 4395; x_wconf 80' lang='lat' dir='ltr'>²lo</span> <span class='ocrx_word' id='word_1_386' title='bbox 237 4341 357 4395; x_wconf 66' lang='lat' dir='ltr'>damn</span> <span class='ocrx_word' id='word_1_387' title='bbox 380 4341 473 4396; x_wconf 73' lang='lat' dir='ltr'>Ram</span> <span class='ocrx_word' id='word_1_388' title='bbox 497 4341 539 4408; x_wconf 88' lang='lat' dir='ltr'>D,</span> <span class='ocrx_word' id='word_1_389' title='bbox 564 4341 671 4395; x_wconf 62' lang='lat' dir='ltr'>ababa</span> <span class='ocrx_word' id='word_1_390' title='bbox 690 4339 774 4394; x_wconf 81' lang='lat' dir='ltr'>Form</span> <span class='ocrx_word' id='word_1_391' title='bbox 797 4339 868 4396; x_wconf 70' lang='lat' dir='ltr'>ottob</span> <span class='ocrx_word' id='word_1_392' title='bbox 890 4338 921 4391; x_wconf 74' lang='lat' dir='ltr'>ia</span> <span class='ocrx_word' id='word_1_393' title='bbox 939 4338 985 4392; x_wconf 76' lang='lat' dir='ltr'>der</span> <span class='ocrx_word' id='word_1_394' title='bbox 1008 4329 1172 4409; x_wconf 58' lang='lat' dir='ltr'>[loffachrifl</span> <span class='ocrx_word' id='word_1_395' title='bbox 1194 4341 1253 4395; x_wconf 77' lang='lat' dir='ltr'>aad</span> <span class='ocrx_word' id='word_1_396' title='bbox 1277 4345 1309 4396; x_wconf 76' lang='lat' dir='ltr'>in</span> <span class='ocrx_word' id='word_1_397' title='bbox 1327 4345 1386 4399; x_wconf 81' lang='lat' dir='ltr'>dem</span> 
     </span>
     <span class='ocr_line' id='line_1_45' title="bbox 93 4415 1385 4491; baseline 0.008 -23"><span class='ocrx_word' id='word_1_398' title='bbox 93 4417 183 4472; x_wconf 68' lang='lat' dir='ltr'>dim</span> <span class='ocrx_word' id='word_1_399' title='bbox 209 4421 349 4476; x_wconf 76' lang='lat' dir='ltr'>Absohaitt</span> <span class='ocrx_word' id='word_1_400' title='bbox 371 4419 588 4491; x_wconf 53' lang='lat' dir='ltr'>maalmam</span> <span class='ocrx_word' id='word_1_401' title='bbox 611 4419 931 4474; x_wconf 73' lang='lat' dir='ltr'>Urkuadanoeraetclmiae</span> <span class='ocrx_word' id='word_1_402' title='bbox 967 4418 1042 4474; x_wconf 87' lang='lat' dir='ltr'>Loeh</span> <span class='ocrx_word' id='word_1_403' title='bbox 1064 4421 1089 4474; x_wconf 90' lang='lat' dir='ltr'><em>T</em></span> <span class='ocrx_word' id='word_1_404' title='bbox 1164 4415 1176 4451; x_wconf 52' lang='grc' dir='ltr'>δ</span> <span class='ocrx_word' id='word_1_405' title='bbox 1203 4422 1385 4478; x_wconf 73' lang='lat' dir='ltr'>Helstethel</span> 
     </span>
    </p>
   </div>
   <div class='ocr_carea' id='block_1_6' title="bbox 94 4493 1389 4650">
    <p class='ocr_par' dir='ltr' id='par_1_6' title="bbox 94 4493 1389 4650">
     <span class='ocr_line' id='line_1_46' title="bbox 94 4493 1389 4571; baseline 0.005 -19"><span class='ocrx_word' id='word_1_406' title='bbox 94 4497 367 4571; x_wconf 74' lang='lat' dir='ltr'>‘&#39;Bauenburgeneia</span> <span class='ocrx_word' id='word_1_407' title='bbox 395 4500 420 4553; x_wconf 89' lang='grc' dir='ltr'><em>Τ</em></span> <span class='ocrx_word' id='word_1_408' title='bbox 496 4495 509 4528; x_wconf 73' lang='lat'>‘¹</span> <span class='ocrx_word' id='word_1_409' title='bbox 535 4499 676 4570; x_wconf 85' lang='lat' dir='ltr'>palatinus</span> <span class='ocrx_word' id='word_1_410' title='bbox 694 4515 783 4552; x_wconf 84' lang='lat' dir='ltr'>comes</span> <span class='ocrx_word' id='word_1_411' title='bbox 804 4498 829 4550; x_wconf 83' lang='grc' dir='ltr'><strong><em>Τ</em></strong></span> <span class='ocrx_word' id='word_1_412' title='bbox 905 4501 915 4524; x_wconf 73' lang='grc'>”</span> <span class='ocrx_word' id='word_1_413' title='bbox 943 4498 1036 4554; x_wconf 79' lang='lat' dir='ltr'>Abero</span> <span class='ocrx_word' id='word_1_414' title='bbox 1054 4499 1083 4554; x_wconf 89' lang='lat' dir='ltr'><em>D</em></span> <span class='ocrx_word' id='word_1_415' title='bbox 1162 4493 1332 4558; x_wconf 76' lang='lat' dir='ltr'>rMansuelt</span> <span class='ocrx_word' id='word_1_416' title='bbox 1364 4507 1389 4559; x_wconf 84' lang='grc' dir='ltr'><em>Τ</em></span> 
     </span>
     <span class='ocr_line' id='line_1_47' title="bbox 94 4567 996 4650; baseline 0.003 -18"><span class='ocrx_word' id='word_1_417' title='bbox 94 4574 282 4636; x_wconf 75' lang='lat' dir='ltr'>³Nuerbureh</span> <span class='ocrx_word' id='word_1_418' title='bbox 302 4578 328 4632; x_wconf 86' lang='lat' dir='ltr'><em>T</em></span> <span class='ocrx_word' id='word_1_419' title='bbox 405 4573 616 4636; x_wconf 77' lang='lat' dir='ltr'>&#39;&#39;Nurenberch</span> <span class='ocrx_word' id='word_1_420' title='bbox 637 4577 663 4632; x_wconf 84' lang='grc' dir='ltr'><em>Τ</em></span> <span class='ocrx_word' id='word_1_421' title='bbox 738 4567 951 4650; x_wconf 68' lang='lat' dir='ltr'>¹n10noqramm</span> <span class='ocrx_word' id='word_1_422' title='bbox 972 4581 996 4634; x_wconf 74' lang='lat' dir='ltr'><em>T</em></span> 
     </span>
    </p>
   </div>
   <div class='ocr_carea' id='block_1_7' title="bbox 1147 4681 1186 4738">
    <p class='ocr_par' dir='ltr' id='par_1_7' title="bbox 1147 4681 1186 4738">
     <span class='ocr_line' id='line_1_48' title="bbox 1147 4681 1186 4738; baseline 0 -22"><span class='ocrx_word' id='word_1_423' title='bbox 1147 4681 1186 4738; x_wconf 65' lang='lat'>2*</span> 
     </span>
    </p>
   </div>
   <div class='ocr_carea' id='block_1_8' title="bbox 0 0 1726 5148">
    <p class='ocr_par' dir='ltr' id='par_1_8' title="bbox 0 0 1726 5148">
     <span class='ocr_line' id='line_1_49' title="bbox 0 0 1726 5148; baseline 0 1"><span class='ocrx_word' id='word_1_424' title='bbox 0 0 1726 5148; x_wconf 95' lang='lat' dir='ltr'> </span> 
     </span>
    </p>
   </div>
  </div>
 </body>
</html>
