3442 5148
107 675 235 758 *lua
1368 671 1387 752 l

181 809 358 892 Gestilscbte
385 807 535 874 Urltuade
561 809 614 872 des
640 807 787 891 Bischofs
822 806 934 872 Udol.
962 827 1021 872 oca
1043 803 1232 888 Nuumburp
1258 807 1316 888 sair
1344 806 1405 870 das

101 961 112 985 κ
142 899 266 964 Kloster
286 899 402 980 Psorte.

247 1017 369 1070 Draelc:
382 1015 485 1085 Lampe,
497 1015 861 1084 clamosaoslums'us,
871 1015 933 1072 Rer.
943 1015 1030 1068 Germ.
1040 1013 1316 1084 scriptoriolum,
1328 1017 1403 1068 1157.

294 1095 459 1164 amasae,
490 1095 586 1150 Menol.
604 1095 666 1150 otu.
680 1099 732 1150 434
751 1096 831 1160 (mett
851 1095 990 1160 Schultess).
1026 1092 1277 1147 Bmaeh-Sclramel
1296 1093 1320 1159 1,
1338 1093 1402 1151 216.

298 1176 408 1230 Coram
423 1179 465 1230 92.
494 1175 627 1230 Deutscb:
653 1173 833 1244 Wotff1,60.
859 1173 914 1244 Vpl.
934 1173 1124 1242 Saluittpeadd,
1144 1173 1263 1228 &datm
1276 1173 1301 1240 1,
1318 1175 1380 1228 289.

181 1283 241 1346 Vto
270 1283 379 1344 divina
404 1281 531 1344 favente
559 1281 727 1344 clementia
752 1279 1027 1362 Nuemburgensis
1058 1279 1225 1361 episcopus
1250 1282 1301 1341 etc.
1332 1300 1406 1344 cunr

105 1375 184 1436 omni
205 1374 376 1456 sagacitate
398 1377 430 1435 et
448 1370 606 1434 industria
627 1377 774 1436 aeternae
797 1373 879 1434 vitae
900 1370 1034 1453 gloriam
1057 1388 1217 1450 quaerere.
1250 1368 1332 1445 Quia
1350 1391 1407 1454 per

107 1465 182 1526 riam
203 1461 321 1526 cambii
349 1461 527 1544 recepimus
549 1461 731 1524 Smolnaml
763 1462 952 1542 tertiamque
984 1459 1050 1523 fere
1082 1463 1202 1543 partem
1233 1461 1316 1543 pagi,
1350 1463 1404 1542 qui

104 1552 205 1615 Plisne
231 1557 449 1634 nuncupatur,
479 1556 511 1613 et
537 1551 689 1614 tratribus
718 1551 926 1615 Portensibus
956 1549 1112 1612 duntaxat
1140 1548 1220 1612 duas
1247 1551 1405 1634 grangias

103 1641 278 1706 [achaiam
292 1639 503 1720 stousnama,
523 1659 596 1702 cunr
612 1640 809 1724 appendiciis
830 1641 1025 1721 decimisque
1048 1639 1198 1722 ipsarum,
1220 1658 1292 1702 curn
1315 1640 1406 1721 sylva

104 1752 154 1813 pro
179 1733 226 1794 eis
255 1731 457 1794 contulimus.
505 1729 648 1805 Quorum
675 1729 889 1794 omnimodam
918 1729 1084 1792 utilitatem
1117 1733 1223 1792 custos
1251 1730 1405 1794 acclesiae

104 1822 269 1904 recipiens,
299 1825 334 1883 ut
362 1839 468 1882 coram
496 1819 663 1902 principali
698 1820 789 1882 altari
816 1820 867 1882 die
896 1824 1057 1898 noctuque
1086 1817 1194 1880 lumen
1216 1819 1407 1883 indeficiens

103 1917 293 1992 perseveret,
320 1915 483 1992 procurati
513 1915 545 1971 et
574 1911 606 1970 in
633 1909 763 1992 capellis
790 1909 928 1984 duabus,
959 1906 1108 1970 videlicet
1132 1907 1217 1971 beati
1245 1909 1407 1974 Michaelis

103 2001 280 2084 archangeli
301 2007 333 2063 et
354 2001 455 2062 sancti
472 1999 622 2063 Andreae
643 2001 791 2081 apostoli,
813 1997 1012 2062 nocturnalia
1037 1997 1160 2060 lumina
1180 1997 1407 2078 subministret

102 2093 147 2151 etc.
168 2091 307 2153 infirmis
336 2091 432 2153 etiam
457 2089 622 2163 hatribus,
653 2091 686 2151 iu
709 2095 863 2170 quantum
885 2087 1058 2151 necessitas
1079 2087 1214 2169 expetit,
1235 2088 1407 2170 provideat,

104 2183 148 2240 etc.
169 2179 317 2242 Posteros
344 2197 471 2260 quoque
498 2180 579 2242 scire
601 2179 758 2256 volumus,
780 2177 1002 2240 bibliothecam
1023 2177 1056 2238 in
1074 2175 1176 2238 tribus
1190 2176 1408 2242 rolruninibus

106 2269 249 2348 iliricum,
277 2287 318 2332 ex
348 2268 507 2332 oblatione
533 2265 678 2332 fidelium
708 2287 766 2330 nos
788 2266 884 2330 scribi
905 2267 1035 2330 fecisse:
1066 2266 1298 2347 expositionem
1322 2266 1406 2330 beati

106 2355 288 2439 Hieronymi
317 2357 496 2441 presbytori
524 2359 556 2420 in
577 2357 707 2420 Esaiam
732 2365 764 2422 et
789 2356 956 2420 Danielem
985 2355 1154 2439 prophetas
1174 2355 1208 2417 in
1231 2375 1295 2418 uno
1319 2356 1407 2421 volu-

106 2448 195 2522 mine3
217 2450 297 2511 item
320 2447 463 2510 eiusdem
486 2447 728 2530 explanationes
749 2449 782 2508 in
804 2456 859 2510 ΧΠ
881 2445 1058 2529 prophetas,
1080 2443 1256 2526 losephum
1273 2465 1314 2508 ex
1327 2448 1408 2510 inte·

107 2557 153 2615 gro
174 2539 206 2601 in
229 2557 296 2600 uuo
317 2535 491 2614 volumine,
511 2542 576 2600 tros
597 2537 696 2600 libros
717 2539 900 2620 passionum
923 2540 1115 2611 sanctorum,
1136 2533 1264 2596 missale
1288 2555 1405 2599 uuum:

108 2645 177 2706 quos
197 2647 259 2710 pro
279 2628 381 2688 nostri
401 2627 555 2690 memoria
572 2625 725 2688 oblivioni
747 2645 810 2688 non
833 2625 1005 2688 tradendos
1020 2629 1053 2688 et
1068 2623 1202 2705 singulis
1216 2631 1248 2686 et
1260 2624 1408 2688 omnibus
1455 2641 1458 2647 “

106 2716 263 2778 ardentius
289 2715 559 2778 commendamus.
601 2715 704 2790 Haec,
732 2735 813 2796 quae
839 2715 997 2798 praesenti
1025 2714 1140 2796 pagina
1167 2721 1298 2776 exarata
1325 2722 1408 2792 sunt,

105 2821 154 2884 per
169 2805 279 2868 omnia
295 2809 380 2868 retro
397 2805 507 2868 lutura
518 2811 668 2887 tempora,
690 2810 757 2868 rata
777 2823 906 2868 manere
924 2809 1078 2887 optamus,
1101 2809 1133 2866 et
1149 2823 1205 2886 per
1221 2804 1406 2868 charitatem

104 2895 233 2975 Spiritus
264 2895 382 2974 sancti,
408 2913 449 2957 ne
470 2895 603 2975 infringi
626 2893 776 2972 debeant,
797 2893 1046 2976 expostulamus.
1088 2891 1279 2974 Quicunque
1300 2903 1407 2958 autern

104 2982 236 3048 insidiae
265 2983 366 3046 livore
396 2989 547 3057 attactam,
597 3003 655 3047 uae
678 3004 695 3045 a
718 2984 855 3048 donanis
873 2989 905 3046 et
925 2983 1076 3046 iratribus
1098 2983 1215 3046 nostris
1235 2984 1408 3067 approbata

104 3079 172 3135 sunt
193 3081 225 3137 et
248 3073 354 3136 banno
376 3079 484 3136 nostro
506 3082 538 3137 et
558 3074 674 3156 scripto
689 3073 826 3152 firmata,
847 3073 1010 3135 infirmare
1024 3077 1056 3136 et
1069 3072 1255 3135 memoriam
1267 3079 1408 3137 nostram

104 3159 203 3224 delere
215 3163 475 3246 praesumpserit,
495 3163 529 3224 iu
544 3162 698 3224 memoria
718 3168 847 3225 aeterna
859 3163 1016 3226 iustorum
1033 3180 1097 3224 nou
1114 3161 1163 3239 sit,
1184 3161 1240 3224 sed
1255 3165 1408 3227 memoria

104 3251 167 3313 eius
187 3271 263 3314 cum
285 3252 391 3315 sonitu
412 3257 535 3336 pereat,
563 3258 595 3314 et
616 3251 655 3314 de
676 3251 758 3314 libro
779 3252 956 3315 viventium
979 3251 1135 3328 deleatur,
1164 3255 1196 3313 et
1219 3270 1293 3314 cum
1314 3253 1407 3317 iustis

104 3358 162 3402 nou
196 3339 363 3404 scribatur.
396 3342 510 3404 Amen.
552 3341 658 3404 Huius
688 3340 764 3404 facti
795 3341 898 3404 nostri
927 3345 959 3404 et
990 3341 1096 3422 scripti
1129 3345 1226 3403 testes
1256 3347 1331 3404 suut
1358 3343 1406 3406 hi:

105 3427 309 3493 Gebehardus
330 3431 431 3512 prior:
454 3429 631 3513 presbyteri
644 3429 894 3506 Erclranbertus,
914 3429 1082 3494 lrmlridus
1104 3430 1304 3512 peregrinus,
1330 3432 1407 3496 Ber-

104 3518 235 3593 tholduS,
248 3518 434 3596 Gisilherus,
447 3519 617 3598 Arnoldus,
629 3518 811 3598 Wilrardus,
822 3519 989 3598 Rudollus,
1005 3519 1204 3597 Baldramus,
1218 3519 1407 3602 Friderieus,

104 3605 298 3688 Eklrehorus,
314 3608 435 3688 Ericus,
449 3609 656 3688 Wcrnherus,
672 3609 890 3688 Gundecarus,
906 3608 1074 3672 Albertus:
1097 3609 1223 3672 diaconi
1238 3609 1408 3692 Hauricus,

103 3695 290 3778 Hertwicus,
311 3697 462 3778 loannes,
483 3698 649 3762 Albartus:
673 3698 860 3762 subdiaconi
869 3698 1004 3770 Remus,
1025 3698 1240 3775 Hermaunus,
1256 3699 1408 3781 Heyden-

103 3786 193 3864 rieus,
214 3787 364 3868 Symeon,
384 3787 534 3868 lacobus,
546 3787 752 3866 Wcrnherus,
775 3787 945 3868 Hernicus,
960 3787 1174 3866 Hermaunus,
1188 3787 1405 3854 Reinhardus:

104 3876 239 3940 acoluthi
260 3876 464 3956 adelbertus
484 3877 696 3958 Hartleybus,
717 3877 913 3960 Rudolphus.
955 3879 1074 3950 Actum
1094 3896 1178 3940 anno
1200 3879 1321 3942 domiui
1344 3899 1406 3961 quo

104 3966 220 4047 supra,¹
241 3965 415 4030 indictione
436 3968 529 4030 tertia
549 3969 600 4030 ea.

173 4066 181 4106 ¹
206 4067 287 4122 aaut
308 4067 443 4123 Scbmdllm
468 4087 507 4124 aa
531 4069 579 4124 der
596 4069 706 4138 Sprotto
723 4086 744 4128 a.
759 4070 914 4138 amabas.
987 4067 1000 4108 ²
1023 4069 1158 4138 Wartmq
1174 4068 1249 4124 dicht
1265 4071 1408 4126 cataboli>

104 4144 190 4200 Koara
208 4148 267 4214 aas
279 4147 339 4201 dem
358 4149 463 4202 rechten
481 4148 618 4216 Saulufer.
682 4147 811 4204 tuam.
874 4149 959 4204 *Da
982 4149 1151 4218 Vaueamq
1168 4151 1264 4204 beziabt
1281 4151 1338 4206 aiolo
1356 4153 1414 4220 aas

104 4224 145 4278 die
169 4227 367 4296 turuapebanda
395 4227 556 4298 Eradblmup
584 4229 704 4298 Lampas:
737 4229 821 4283 Anno
847 4228 954 4282 domini
981 4227 1157 4282 Mcxxxu
1186 4227 1337 4284 farndaturu
1365 4236 1409 4284 eat

103 4307 300 4360 monasterium
320 4305 453 4362 Porteme
470 4314 516 4361 etc.

222 4413 317 4476 Aram.
358 4409 446 4476 Dass
467 4413 518 4476 die
537 4433 610 4478 aum
631 4417 730 4477 ersten
752 4411 940 4476 Mate1517
958 4432 1017 4476 oon
1038 4411 1106 4476 dam
1127 4411 1273 4476 Bosauer
1290 4411 1408 4478 Monet

202 4497 289 4563 Paul
308 4501 419 4582 [maye
438 4502 474 4565 a'n
494 4503 609 4566 seimon
631 4503 805 4568 Obroaioon
829 4503 980 4567 &barse
1000 4501 1238 4582 oerdffeatlicbte
1259 4501 1409 4568 ortanae

199 4590 268 4671 aas
288 4591 373 4654 maer
402 4591 515 4672 probeo
538 4591 717 4673 Foedus
745 4591 866 4668 matt,
891 4593 960 4673 pald
987 4611 1049 4654 aas
1077 4591 1146 4654 dero
1175 4590 1330 4672 Verquid
1350 4594 1408 4660 ma

159 4701 408 4756 camaras.
423 4705 536 4748 sam
1194 4703 1205 4756 1
