3400 5148
303 417 353 474 150
671 415 902 472 Urkundeabuch
921 417 969 474 des
987 418 1114 474 Klostera
1133 418 1234 476 Plorta.

301 575 464 651 prenotate
494 567 568 632 ville
599 587 673 630 cum
707 569 793 632 totali
826 571 1032 634 universitate
1066 591 1124 634 sua
1155 569 1408 634 contradidimus
1439 565 1546 632 abbati
1574 574 1601 631 et

301 659 473 721 conventui
505 657 668 720 Porteusis
705 660 888 723 monasterii
924 659 1069 744 prelibati
1107 679 1181 723 cum
1217 659 1366 722 omnibns
1401 658 1440 720 ad
1472 657 1599 722 earrdem

301 749 410 812 villam
435 748 680 830 pertinentibus,
707 750 805 824 areis,
827 751 917 826 ortis,
943 749 1110 813 arboribus
1139 749 1312 812 fructiferis
1340 757 1371 812 et
1391 747 1602 814 infructiferis,
1697 747 1699 826 ζ

302 839 398 920 agris,
420 839 559 922 pascuis,
581 839 691 920 pratia,
713 838 864 914 arbustis,
886 839 1017 916 salictis,
1039 840 1134 902 cultis
1155 845 1187 901 et
1206 839 1349 910 incultis,
1371 838 1431 901 viis
1451 844 1485 900 et
1504 837 1602 912 inviis,

302 931 394 1010 aquis
420 946 639 1008 aquarumque
666 927 871 1007 decursibus,
902 930 1101 1006 molendino,
1136 927 1221 1009 quod
1248 947 1336 990 nuno
1356 931 1419 1004 est,
1449 926 1602 990 contradi·
1697 949 1698 956 ¹

302 1019 421 1090 dimus,
457 1018 601 1097 inquam,
637 1018 844 1100 proscriptam
876 1019 984 1082 villam
1014 1026 1046 1082 et
1076 1025 1177 1083 totum
1207 1037 1323 1101 pagum
1351 1018 1421 1080 eius
1452 1017 1602 1080 orientem

302 1127 430 1172 versum
459 1127 560 1190 usque
588 1108 626 1170 ad
655 1109 808 1172 terminos
833 1128 988 1192 pagorum
1012 1108 1164 1178 villarum¹
1189 1107 1372 1172 liuenstete
1400 1111 1433 1170 et
1450 1104 1604 1180 Rurbelae,

302 1199 499 1262 occidentem
524 1217 650 1260 versum
679 1217 782 1278 usqne
805 1198 847 1260 ad
875 1194 1603 1280 1111111111511111111111118111111111

301 1295 333 1352 et
353 1288 542 1362 Nuenstete,
570 1292 714 1350 austrum
746 1307 873 1350 versum
903 1307 1005 1369 usqne
1033 1289 1072 1350 ad
1089 1288 1254 1350 ‘terminos
1273 1305 1428 1369 pagorum
1450 1285 1604 1350 dictarum

301 1376 448 1440 villarum
487 1375 670 1439 liuenstete
709 1383 740 1438 et
773 1376 1004 1456 Sassenhusen,
1040 1378 1221 1459 aqrrilonem
1263 1395 1392 1438 versum
1426 1393 1531 1456 usque
1568 1371 1604 1434 ad
1698 1363 1699 1384 ¹

301 1468 452 1530 terminos
476 1485 628 1550 pagorum
652 1466 864 1549 predictarum
888 1468 1036 1532 villanam
1059 1467 1208 1530 Rurbeke
1229 1473 1261 1529 et
1279 1466 1463 1528 Nnenstate.
1505 1463 1605 1526 Omne

299 1557 346 1633 id,
378 1557 462 1637 quaed
495 1557 527 1618 in
559 1556 779 1638 prenominata
811 1557 886 1619 villa
917 1562 949 1622 et
979 1577 1059 1640 pago
1090 1558 1191 1640 ipsius
1217 1557 1390 1638 prescripto
1417 1553 1606 1626 continetur,
1698 1569 1699 1598 ÷

300 1647 503 1711 vendidimus
538 1651 570 1708 et
605 1646 857 1710 contradidimus
893 1647 1000 1710 abbati
1031 1652 1062 1711 et
1093 1647 1266 1710 conventui
1296 1643 1504 1708 Portensibus
1536 1647 1606 1704 ante
1692 1683 1699 1714 ,

300 1737 393 1800 dictis
423 1757 498 1800 111111
529 1737 613 1807 iare,
653 1736 810 1806 dominio,
849 1739 1052 1820 proprietate,
1088 1737 1302 1818 possessione,
1338 1732 1548 1817 proventibus
1578 1737 1609 1792 et
1698 1787 1699 1794 ,

300 1825 489 1888 utilitatibus
521 1825 683 1898 omuibus,
720 1845 782 1906 que
814 1825 906 1889 nobis
939 1827 1160 1909 competebant
1192 1832 1223 1888 et
1253 1843 1314 1905 que
1346 1823 1544 1886 habebamus
1576 1821 1606 1881 in
1697 1842 1698 1856 ¹

298 1917 388 1999 ipsis,
418 1935 480 1997 quo
508 1935 594 1979 1111111
620 1921 695 1978 sunt
712 1922 743 1979 et
764 1916 796 1978 in
820 1923 980 1999 posterum
999 1921 1148 2000 poterunt
1172 1913 1410 1996 quomodolibet
1431 1911 1609 1994 provenire,

301 2007 368 2070 sive
395 2007 428 2068 in
457 2007 627 2089 superdicis
654 2011 737 2068 terre
759 2007 822 2068 iam
844 2014 1016 2088 appareant
1037 2008 1087 2070 vel
1111 2006 1366 2087 quibuscumque
1389 2003 1492 2066 modis
1514 2003 1609 2066 etiam

301 2097 333 2157 in
359 2097 432 2158 imis
458 2103 540 2159 terro
567 2097 771 2177 apparuerint
792 2097 824 2158 in
846 2096 962 2159 futuro,
1004 2093 1512 2179 111111111111111111111111111111ῒυί
1535 2109 1610 2172 sepe

301 2185 394 2248 (lictis
425 2185 677 2248 contradidimus
710 2191 742 2248 ot
768 2185 972 2248 vendidimus
998 2191 1062 2250 tres
1088 2205 1216 2256 mansos
1244 2205 1318 2248 111111
1343 2183 1442 2260 areiS,
1474 2181 1555 2243 ortis
1581 2188 1610 2241 et

301 2275 450 2337 omnibus
480 2274 712 2358 pertinentibus
743 2276 782 2338 ad
814 2276 913 2356 ipsos,
942 2276 1019 2340 sitos
1046 2277 1079 2338 in
1107 2275 1183 2337 villa
1211 2281 1243 2337 et
1270 2293 1350 2356 pago
1379 2271 1612 2341 Sassenhusen,

300 2384 373 2426 cum
396 2365 480 2428 onrni
501 2365 580 2442 inre,
602 2364 755 2443 dominio,
780 2367 985 2448 proprietate,
1008 2365 1224 2448 possessione,
1244 2362 1451 2447 proventibus
1472 2365 1504 2424 et
1527 2357 1613 2422 utili·

301 2453 418 2518 tatibus
449 2453 598 2517 omnibus
624 2452 741 2516 talibas
767 2455 884 2532 modis,
914 2455 1024 2536 natales
1050 2456 1084 2516 in
1105 2455 1342 2518 contradioione
1365 2453 1438 2518 villa
1459 2451 1613 2518 Latental

301 2544 449 2627 superius
485 2549 561 2607 sunt
591 2544 744 2626 expressi.
799 2543 901 2626 Super
929 2545 1095 2608 evictionis
1125 2550 1158 2608 et
1187 2544 1369 2626 guarandis
1401 2543 1614 2606 canoionibus

302 2636 445 2697 omniurn
480 2634 695 2716 predictorum
725 2633 927 2696 venditorum
956 2640 988 2697 et
1016 2634 1265 2698 contraditorum
1293 2653 1353 2697 nos
1380 2641 1412 2696 et
1437 2633 1614 2696 cenobium
1698 2663 1699 2724 ἐ

301 2730 445 2786 nostrum
471 2723 674 2806 presentibus
701 2722 927 2806 perpetualiter
953 2723 1139 2804 obligamus.
1181 2723 1263 2786 Sane
1292 2743 1366 2786 cnm
1392 2725 1425 2784 in
1446 2723 1615 2805 premissis

302 2813 450 2876 omnibus
478 2813 604 2876 cenobii
631 2814 733 2876 nostri
758 2819 789 2876 et
819 2819 927 2876 nostra
954 2835 1003 2877 res
1031 2814 1150 2876 utiliter
1172 2819 1259 2894 gesta
1288 2813 1342 2884 sit,
1369 2812 1454 2894 quod
1480 2817 1515 2874 et
1543 2832 1616 2896 pre-

301 2903 445 2966 sentibus
476 2904 684 2981 confitemur,
717 2910 752 2966 ut
783 2909 916 2966 tractata
937 2904 983 2966 sio
1004 2903 1234 2966 rationabiliter
1255 2908 1287 2965 at
1307 2907 1435 2984 peracta
1456 2909 1617 2985 perpetua

300 2993 451 3056 firmitate
473 2994 649 3056 consistant
669 3013 782 3056 scotare
802 2999 913 3056 contra
934 2992 1104 3057 oblivionis
1124 2992 1327 3054 incomodum
1350 2999 1382 3054 et
1397 2990 1616 3055 cavillationis

302 3088 333 3146 et
364 3083 635 3166 interpretationis
669 3083 795 3146 sinistre
831 3084 1044 3166 calumpniam
1076 3081 1308 3158 detestandam,
1338 3101 1433 3164 super
1462 3082 1510 3144 eis
1543 3101 1617 3164 pre-

302 3178 423 3235 sentem
452 3173 599 3254 paginam
626 3173 836 3254 conscriptam
864 3172 1111 3255 appensionibus
1137 3172 1312 3254 sigillorum
1339 3177 1524 3234 nostrorum
1550 3173 1617 3234 ius-
1697 3199 1698 3258 3

302 3262 401 3324 simus
427 3261 631 3330 communiri,
663 3267 697 3322 ut
722 3281 763 3324 ex
788 3261 849 3324 hoo
875 3263 915 3324 sit
939 3263 1035 3324 vivax
1063 3262 1217 3324 memoria
1243 3267 1276 3324 et
1301 3260 1481 3344 perhennis.
1530 3263 1619 3324 Acta
1697 3269 1698 3298 ³

302 3359 377 3412 sunt
409 3350 467 3413 1111
493 3369 576 3412 anno
604 3350 724 3412 domini
752 3360 927 3428 M⁰Cu⁰1.⁰,
955 3362 1028 3416 11110
1055 3351 1206 3414 kalendas
1233 3350 1322 3416 Iulii.
1350 3356 1502 3432 regnante
1532 3351 1619 3414 Wil-

301 3440 405 3502 belmo
449 3439 675 3518 gloriosissimo
714 3437 930 3504 Romanorum
969 3459 1042 3520 rege
1087 3447 1119 3504 et
1154 3459 1279 3524 sempor
1309 3444 1452 3520 angusto.
1501 3439 1621 3504 Testes

302 3530 397 3591 buius
435 3530 481 3592 rei
513 3535 588 3591 srrnt
618 3528 790 3597 Heinricus
821 3530 920 3611 prior,
937 3591 939 3597 ,
957 3529 1188 3612 Degenbardus
1218 3529 1426 3604 camerariuS,
1457 3527 1621 3593 Albertus

302 3619 451 3701 magister
468 3619 583 3701 operis,
600 3619 743 3682 Sibertus
760 3619 911 3701 magister
922 3621 1095 3701 hospitum,
1112 3619 1316 3682 Wiuomarus
1328 3618 1471 3682 notarius
1485 3619 1623 3684 abbatis

300 3708 462 3774 monachi.
490 3706 641 3770 Albertns
671 3707 709 3770 de
736 3707 938 3788 Hekendori,
967 3708 1119 3773 Albertus
1147 3709 1186 3772 de
1213 3707 1422 3784 Borsendori,
1455 3708 1623 3773 ailbertus

301 3797 340 3858 do
370 3795 568 3878 Meldingon,
600 3797 806 3861 Gotlrefridus
834 3799 980 3863 conversi
1008 3799 1170 3862 Portonsis
1197 3798 1343 3865 ecclesio.
1366 3797 1547 3862 Heinricus
1581 3799 1623 3864 de
1696 3849 1697 3890 ,

301 3885 496 3952 linensteto.
522 3885 688 3949 llinardus
709 3887 748 3949 de
771 3887 913 3950 Tundorl
933 3888 1050 3951 milites
1072 3901 1104 3958 et
1124 3887 1178 3950 alii
1197 3907 1292 3967 qrram
1313 3887 1421 3969 plures
1442 3893 1507 3949 tam
1528 3887 1620 3968 layci
1696 3895 1697 3942 l

302 3994 397 4054 (paam
412 3975 535 4042 clerici.
556 3975 715 4039 lohannes
734 3976 888 4058 plebanus
903 3977 942 4040 de
954 3977 1165 4050 Mannestete,
1185 3976 1439 4040 Hermannusde
1451 3975 1625 4042 111111111-

301 4070 389 4138 stete,
406 4064 775 4148 Hermannusplebanns
786 4066 825 4130 de
836 4065 1500 4140 Botensteto,blidericusdeSassoubusen,
1511 4065 1626 4132 Theo·

301 4153 427 4217 doricus
449 4153 583 4236 Sango,
611 4154 816 4219 Hermannus
837 4156 985 4234 Westlal,
1011 4155 1146 4218 Iacobus
1173 4155 1212 4218 de
1233 4155 1403 4218 Puncwiac
1424 4154 1519 4236 layci.

376 4267 471 4324 llum
489 4267 599 4324 Numen
616 4269 664 4324 der
682 4271 817 4326 1111111111
834 4270 882 4338 apl.
903 4269 946 4324 die
962 4269 1084 4339 solpeade
1108 4269 1242 4324 Urkuudc.
