3392 5150
571 385 620 447 Νι,
631 385 778 446 eol-ace.
800 385 877 442 1203.
1327 389 1376 444 sol

85 541 116 603 dc
127 539 329 604 Galamistori
342 538 381 602 ab
397 539 516 603 eisdem
538 538 697 603 fratribus
712 541 745 602 in
758 540 855 604 Porta
877 559 933 624 pro
956 537 1148 620 quibusdam
1168 542 1379 624 impelicioni-

85 629 133 693 hus
148 631 295 694 collatam
311 649 385 714 sepe
401 629 494 693 dictis
509 628 661 692 tratribus
674 628 714 692 ob
731 631 836 693 anime
852 647 909 692 sue
925 634 958 692 et
975 630 1117 692 omnium
1140 631 1378 714 progenitorum

84 740 202 784 suorum
219 721 406 799 remedium,
423 721 559 802 receptis
576 720 693 783 nichilo
715 720 822 782 minus
843 719 882 781 ab
903 719 979 801 ipsis
1001 719 1033 781 in
1046 722 1378 803 recompensacionem

83 811 211 891 predicte
232 811 336 874 insule
358 809 483 873 duabus
504 811 635 873 carratis
658 810 736 890 vini,
757 828 797 874 ex
819 807 920 872 libera
941 808 1103 872 voluntate
1125 810 1267 873 omnium
1289 813 1378 876 here·

82 899 147 962 dum
173 919 304 964 suorum
329 899 472 966 reddidit
499 906 669 982 perpetuo⁰
697 898 929 982 possidendam.
971 898 1077 962 Huius
1106 899 1151 962 rei
1178 905 1274 964 testes
1303 908 1378 966 sunt

81 987 230 1053 Hemicus
258 990 298 1052 de
318 989 421 1065 Rode,
448 989 608 1052 Iohannes
634 989 674 1052 de
695 987 851 1052 lochosa
877 988 1042 1052 castellani
1061 989 1095 1051 in
1117 988 1378 1075 Roteleibisberg

80 1077 283 1142 Theodericus
305 1079 344 1142 de
362 1078 475 1162 Schipa
496 1077 687 1140 castellanus
708 1079 742 1140 iu
764 1077 896 1142 Suleclre
918 1083 950 1140 et
970 1077 1024 1140 alii
1046 1096 1141 1158 quarn
1162 1078 1292 1160 plurimi
1312 1081 1377 1144 fide

79 1167 164 1249 digni.
207 1168 289 1231 Acta
316 1174 391 1230 sunt
419 1168 478 1230 hec
506 1186 590 1230 anno
620 1168 740 1231 domini
761 1175 859 1230 M⁰CC
885 1167 1091 1249 nonagesimo
1112 1168 1180 1244 111⁰,
1208 1169 1240 1230 in
1268 1169 1378 1252 vigilia

79 1255 153 1320 beati
176 1257 263 1321 Petri
284 1257 417 1340 apostoli
439 1255 478 1319 ad
500 1256 695 1320 kathedram.

139 1372 342 1444 'presentibus
359 1372 390 1426 D
468 1371 639 1427 bdibesvort
661 1371 685 1426 T
758 1370 1007 1456 “proprietatum
1026 1371 1055 1424 D
1128 1363 1331 1431 lhonorabibii
1348 1373 1378 1429 D

78 1468 232 1532 eperpetuo
250 1478 288 1532 pp
306 1459 335 1514 D

613 1535 870 1544 ——--—-

81 1653 188 1736 1293.
216 1653 456 1736 November
482 1653 518 1736 2.
545 1653 709 1736 Piorte.
1281 1659 1377 1744 309.

151 1789 277 1870 Rudolf
290 1787 468 1852 Marschull
487 1809 546 1852 con
567 1788 683 1852 Trcbro
704 1785 844 1870 bastdtipl
864 1788 945 1852 nach
963 1787 1117 1873 Hcimfoll
1138 1811 1196 1854 oon
1221 1780 1378 1881 deletam

108 1881 142 1941 a'a
164 1877 299 1943 Dornslc
325 1879 420 1942 deren
449 1877 683 1959 Vauascaany
708 1897 803 1958 peden
828 1878 918 1942 cinca
950 1877 1112 1962 Wcinhcrp
1138 1881 1207 1944 uad
1234 1881 1379 1947 2Acher

111 1970 143 2031 ia
165 1967 348 2043 morstadt,
376 1966 485 2030 welche
504 1967 566 2032 'der
591 1968 717 2048 fralhcre
736 1965 878 2032 Besitacr
898 1968 1051 2033 Heinrich
1071 1969 1229 2035 Jobaeais
1248 1973 1306 2036 mit
1324 1973 1378 2037 Jo

108 2059 239 2136 mana,
260 2059 329 2122 dem
339 2057 529 2140 Hofmclslcr
548 2059 602 2122 des
614 2055 756 2121 Klostcrs
773 2055 880 2139 Psorlc
898 2059 935 2121 in
952 2059 1127 2136 deusdedi,
1148 2079 1378 2141 vcrpenommcn

108 2149 177 2225 hot,
207 2147 300 2212 cochei
324 2148 384 2212 dus
405 2145 531 2210 Klostcr
551 2151 625 2210 aaa
645 2148 701 2210 der
720 2147 870 2229 srilhcrcn
891 2147 1103 2230 Basilauayea
1124 2149 1175 2212 dic
1192 2151 1293 2231 dasch·
1313 2153 1377 2215 cin-

105 2237 304 2318 petouschlea
325 2257 385 2302 raca
405 2237 460 2300 dar
480 2235 716 2300 Morienhircbc
734 2237 771 2300 in
792 2234 888 2301 suaa
906 2257 948 2301 aa
967 2237 1069 2301 Ledam
1089 2239 1209 2302 nimand.

220 2363 352 2422 Hdachrs
373 2362 400 2416 T
406 2353 483 2417 231⁸.

220 2469 332 2524 Druck?
347 2467 482 2523 Deutccb:
507 2468 590 2538 Wolff
599 2468 624 2536 I,
643 2473 695 2523 303
712 2470 804 2536 (untur
819 2469 878 2524 dem
894 2469 978 2524 Jahre
996 2472 1082 2538 1214).

147 2592 218 2676 Ego
241 2591 399 2656 Rudolius
428 2591 531 2656 dictus
556 2593 748 2656 marscalcus
772 2593 811 2655 de
832 2591 967 2656 Trahere
991 2592 1140 2658 omnibus
1160 2595 1374 2666 intimandum

69 2681 147 2746 duxi
166 2682 380 2767 protestando,
402 2683 594 2764 adquorum
616 2701 730 2744 manus
751 2683 933 2765 pervenerit
955 2703 1086 2766 presens
1108 2685 1270 2767 scriptum,
1292 2687 1378 2768 quod

68 2771 168 2836 irater
188 2772 349 2836 Iohannes
379 2771 540 2853 quondam
569 2783 674 2836 rector
699 2775 789 2854 curie
815 2774 848 2836 in
871 2775 1038 2838 Gernstete
1065 2778 1193 2839 nomine
1220 2777 1378 2840 Portensis

66 2863 205 2944 ecclesie
232 2863 392 2946 quandam
418 2863 543 2926 vineam
566 2863 605 2925 ab
627 2863 780 2926 Heinrico
800 2871 1011 2946 cognomento
1032 2863 1184 2929 Iohannis
1206 2886 1263 2949 pro
1286 2867 1378 2948 quin-

67 2973 129 3034 que
161 2952 341 3017 fertonibus
369 2958 401 3015 et
427 2951 507 3015 diros
528 2973 620 3036 agros
640 2952 680 3014 ab
703 2951 855 3018 Heinrico
877 2953 979 3016 Fahro
1000 2975 1057 3037 pro
1079 2954 1181 3019 tribus
1201 2956 1379 3021 iertonibus

65 3043 267 3126 comparavit
298 3043 375 3106 sitos
405 3042 497 3104 iuxta
528 3045 655 3106 vineam
685 3043 718 3104 in
750 3043 920 3122 lllurstete‚
954 3063 1049 3124 quam
1078 3045 1205 3108 vineam
1237 3051 1268 3109 et
1298 3067 1378 3128 quos

64 3152 161 3214 agros
182 3132 316 3216 predicti
336 3131 377 3195 H.
395 3137 427 3194 et
447 3131 487 3195 H.
509 3132 548 3195 ab
575 3131 710 3196 ecclesia
731 3139 841 3214 sancte
862 3131 964 3214 Maris
983 3134 1017 3195 in
1036 3132 1130 3198 Sulca
1151 3140 1324 3200 tenuerunt
1344 3137 1375 3198 in

61 3221 177 3301 feodo,
213 3221 298 3286 unde
331 3223 425 3286 etiam
458 3221 571 3305 viginti
602 3227 634 3284 et
661 3240 761 3285 unum
794 3222 941 3285 denarios
972 3222 1138 3285 solvebant
1171 3223 1211 3286 ad
1242 3223 1377 3289 eandem

63 3311 238 3375 ecclesiam
260 3312 433 3374 minuatim.
465 3310 622 3373 Processu
642 3330 717 3373 vero
741 3313 890 3394 temporis
911 3312 1031 3394 placuit
1050 3313 1139 3376 fratri
1156 3313 1200 3376 lo.
1226 3315 1376 3398 magistro

60 3401 93 3464 in
118 3402 292 3465 Gernstete
316 3401 474 3484 predicto,
500 3405 536 3463 ut
562 3419 635 3462 crim
657 3400 809 3464 Heinrico
831 3409 1041 3484 cognomento
1062 3401 1214 3467 Iohannis
1235 3423 1377 3468 commu-

62 3492 223 3554 tationem
250 3491 359 3570 iniret,
387 3490 443 3572 qui
468 3488 529 3552 sibi
556 3491 698 3571 quinque
725 3509 831 3573 agros,
860 3509 941 3572 quos
964 3511 983 3552 a
1008 3510 1059 3555 me
1083 3494 1117 3554 in
1143 3493 1237 3556 feodo
1257 3492 1377 3574 habuit

59 3583 165 3644 sitos·
191 3581 223 3644 in
245 3579 378 3645 Damsla
406 3580 465 3644 suh
492 3581 586 3643 vinea
613 3580 652 3642 de
674 3579 840 3643 Gemstete
866 3599 917 3643 me
943 3580 1109 3662 ignorante
1135 3582 1309 3664 assignavit
1328 3603 1378 3646 re-

57 3673 168 3754 ceptis
195 3671 234 3733 ab
262 3671 376 3734 eodem
402 3671 495 3734 vinea
522 3677 553 3733 et
574 3667 700 3731 duobus
721 3669 805 3751 agris
826 3668 976 3752 predictis
997 3677 1029 3734 et
1050 3671 1241 3754 quibusdam
1261 3671 1377 3736 modiis

55 3759 220 3823 frumenti
256 3761 291 3822 in
326 3778 458 3824 munere
485 3759 554 3822 vice
579 3777 681 3822 versa.
728 3758 808 3821 Uum
835 3764 942 3822 autem
968 3759 1141 3844 Heinricus
1165 3767 1376 3844 cognomento

54 3849 219 3913 Iohannis
247 3851 310 3912 iam
339 3850 482 3933 prefatus
508 3851 577 3914 sine
604 3847 775 3912 heredibus
804 3846 1010 3914 decessissetl
1036 3857 1068 3914 et
1095 3851 1153 3934 ego
1176 3871 1268 3934 agros
1288 3871 1378 3916 meos

54 3941 96 4003 ad
122 3959 181 4003 me
203 3940 371 4004 devolutos
392 3960 411 4002 a
431 3940 582 4003 frahibns
606 3938 812 4002 Portensibus
833 3945 1022 4023 repeterem,
1043 3941 1262 4023 postmultum
1284 3942 1377 4006 alter-

53 4033 225 4094 cafionem
247 4029 376 4094 tandem
398 4029 595 4093 discussione
616 4029 728 4112 previa
747 4029 781 4090 in
803 4029 862 4091 hoc
884 4049 925 4092 ex
947 4036 1083 4111 unaque
1104 4037 1192 4114 parte
1214 4035 1377 4098 consensi-

54 4142 151 4202 muS‚
181 4128 216 4184 ut
242 4141 301 4204 ego
330 4123 609 4185 commutationem
638 4121 722 4183 inter
749 4121 934 4203 magistrum
962 4121 1001 4183 de
1028 4121 1193 4185 Gerustete
1221 4130 1252 4185 et
1277 4123 1377 4186 Hein-

52 4215 171 4274 n'oum
191 4201 256 4274 iam'
276 4211 399 4294 pridem
421 4211 537 4274 iactam
558 4216 659 4274 ratam
681 4208 831 4272 haberem
854 4214 886 4271 at
905 4211 1031 4273 vineam
1054 4229 1126 4274 cum
1150 4210 1275 4274 duobus
1293 4215 1377 4296 agris

52 4301 165 4364 michi
180 4320 385 4381 assumerem,
401 4301 565 4364 ¹Portensis
580 4320 657 4363 verr>
674 4299 809 4364 ecclesia
824 4319 911 4362 meos
925 4320 1018 4382 egros
1029 4306 1181 4384 perpetuo
1192 4302 1377 4384 possideret.

50 4393 103 4457 ob
125 4409 230 4474 quam
246 4411 375 4456 causam
392 4392 496 4472 etiam,
519 4392 594 4473 quia
607 4411 680 4474 pars
692 4390 894 4454 Portcnsium
909 4391 1008 4472 pluris
1024 4399 1100 4471 erat,
1123 4411 1219 4454 uuam
1238 4412 1377 4456 marcam

50 4504 70 4544 a
103 4483 245 4546 domino
273 4481 387 4545 abbate
414 4481 568 4545 Portense
598 4499 649 4544 me
681 4481 834 4564 profiteor
864 4483 897 4543 in
929 4501 1062 4544 munere
1093 4483 1281 4566 percepisse.
1328 4483 1376 4548 Ne

48 4580 173 4638 autem
188 4578 319 4657 propter
337 4576 483 4636 nostium
497 4570 718 4637 concambium
735 4571 871 4636 ecclesia
886 4572 918 4634 in
935 4570 1029 4636 Sidae
1045 4572 1197 4634 damnum
1213 4573 1377 4650 sustineat,
