3506 5148
560 429 562 436 ’
647 413 856 470 mare-550.
877 415 952 471 1331.
1403 417 1456 474 505

232 569 307 632 Otto
328 567 378 631 dei
398 567 503 648 gracia
524 571 632 630 sancte
653 563 935 650 Magdeburgensis
954 567 1085 631 ecclesie
1105 567 1359 652 archiepiscopus
1383 569 1455 634 reli-

149 661 247 745 giosis
286 659 363 722 viris
397 656 502 720 abbati
539 663 570 720 et
601 660 772 722 conventui
807 659 991 722 monasterii
1026 657 1065 721 de
1099 657 1193 721 Porta
1227 659 1455 740 cysterciensis

151 751 271 815 ordinis
297 749 419 811 devotis
445 745 506 810 sibi
536 745 657 811 dilectis
681 747 816 812 salutem
843 748 876 810 in
903 747 1031 810 domiuo
1052 752 1082 812 et
1102 748 1278 831 graciosum
1298 750 1332 811 in
1354 750 1456 812 omni-

151 842 212 905 bus
234 839 437 902 voluntatem.
468 837 571 920 Super
590 837 770 902 chatedram
792 837 1024 921 preeminencie
1046 837 1211 921 pastoralis
1230 837 1339 902 divine
1352 838 1456 923 dispo-

151 931 270 994 sicione
292 929 406 1008 vocati,
435 933 530 1011 prout
550 926 643 991 nobis
664 933 712 992 est
732 927 895 1010 possibile,
920 929 1011 990 iuxta
1038 928 1148 992 crediti
1173 928 1265 991 nobis
1286 928 1381 992 officii
1403 929 1455 992 de-

151 1021 254 1084 bitum
283 1038 320 1082 aa
347 1016 483 1082 libenter
508 1019 713 1100 exequimur,
741 1037 804 1101 que
829 1023 860 1082 et
879 1017 1079 1082 subditorum
1097 1019 1271 1082 commodis
1291 1018 1457 1102 proficiant

151 1117 183 1174 et
200 1129 269 1187 eos,
298 1125 379 1191 quos
405 1108 513 1172 divine
535 1107 816 1191 contemplacionis
836 1108 996 1172 dulcedini
1017 1113 1047 1174 et
1067 1109 1128 1190 piis
1149 1109 1312 1173 exerciciis
1335 1108 1456 1173 deditos

152 1205 260 1266 sancte
286 1199 541 1262 conversacionis
567 1199 691 1262 fructus
718 1196 846 1263 uberior
873 1198 993 1262 indicat
1020 1203 1052 1262 et
1072 1199 1273 1264 commendat
1293 1199 1458 1282 ingencior

151 1289 344 1356 excellencia
360 1290 554 1368 meritorum,
576 1287 803 1372 temporalibus
814 1287 965 1352 subsidiis
981 1289 1132 1353 adiuvent
1146 1295 1177 1354 et
1193 1289 1458 1369 sustentantem)

150 1382 190 1446 ad
214 1381 405 1464 sempiterna
425 1378 606 1442 fiducialius
625 1379 806 1463 appetenda.
848 1377 895 1442 Ea
914 1383 1040 1463 propter
1060 1379 1223 1462 cupientes
1245 1378 1284 1442 ob
1301 1379 1458 1444 virtutum

150 1471 267 1548 studia,
288 1467 406 1551 quibus
427 1469 585 1533 ferventer
604 1469 759 1547 insistitis
780 1474 812 1532 et
831 1470 970 1534 caritatis
991 1469 1102 1549 officia,
1124 1489 1185 1552 que
1206 1470 1330 1532 cunctis
1341 1468 1457 1533 Christi

150 1561 299 1626 fidelibus
318 1565 477 1644 gratamm
498 1560 679 1643 inpenditis,
700 1560 791 1624 vobis
809 1565 917 1624 nostre
934 1558 1144 1622 beneficencie
1157 1579 1289 1625 manruu
1299 1560 1458 1643 porrigere

149 1651 313 1716 liberalem
341 1651 518 1733 vestrisque
547 1649 739 1732 profectibus
769 1650 912 1734 graciosa
943 1669 1067 1734 semper
1094 1649 1257 1714 intendere
1289 1649 1458 1730 voluntate,

150 1743 242 1807 beate
262 1741 414 1805 memorie
435 1740 691 1823 predecessorum
713 1751 895 1806 nostrorum
917 1741 1059 1824 vestigiis
1072 1741 1252 1806 inherentes
1267 1739 1459 1820 theloneum,

151 1833 291 1916 pedagia,
310 1831 466 1914 guidagia
487 1835 518 1894 et
540 1832 625 1912 quod
646 1832 788 1914 vulgaris
806 1832 946 1896 elocucio
967 1830 1084 1914 ungeld
1100 1837 1198 1910 vocat,
1217 1831 1251 1894 in
1268 1830 1458 1909 civitatibus

151 1924 265 2008 opidis,
287 1922 398 1984 castris
418 1926 450 1984 et
471 1920 555 1984 villis
576 1922 693 1992 nostris
715 1922 805 1986 vobis
824 1921 1006 1986 relaxamus
1026 1925 1057 1984 et
1077 1921 1270 1985 remittimus
1291 1921 1330 1984 de
1352 1921 1458 2004 gracia

152 2012 288 2098 speciali,
309 2011 451 2074 volentes
472 2031 529 2074 vos
550 2018 582 2076 et
601 2018 742 2076 vestrum
765 2012 994 2076 monasterium
1014 2017 1045 2076 et
1065 2030 1216 2095 personas
1236 2009 1385 2076 officiales
1401 2029 1458 2076 seu
1502 2061 1503 2066 η

151 2104 287 2168 nrmcios
310 2105 430 2165 vestros
451 2102 639 2165 remissione
660 2108 691 2166 et
710 2103 816 2184 gracia
836 2106 944 2166 nostra
964 2102 1062 2166 huius
1083 2101 1169 2165 modi
1190 2102 1235 2166 sic
1255 2101 1460 2184 gauderent

151 2214 208 2278 pro
234 2212 284 2272 eo,
316 2191 402 2274 quod
431 2191 463 2253 in
495 2189 691 2276 Magdeburg
716 2192 807 2254 etin
834 2189 937 2255 Hallis
968 2192 1086 2255 nostris
1118 2190 1300 2256 civitatibus
1331 2195 1363 2254 et
1389 2191 1458 2255 aliis

152 2282 267 2367 opidis,
294 2282 419 2361 castris,
448 2280 546 2361 villis,
574 2281 754 2362 territoriis,
780 2280 975 2344 districtibus
995 2300 1052 2344 seu
1072 2281 1150 2346 locis
1171 2279 1241 2344 aliis
1260 2279 1300 2344 ad
1318 2287 1458 2345 nostram

151 2372 390 2436 iurisdicionem
416 2390 473 2436 seu
501 2371 678 2436 dominium
711 2390 839 2456 quoquo
871 2372 963 2434 modo
994 2370 1226 2455 pertinentibus
1256 2371 1370 2434 viuum
1402 2390 1459 2434 seu

150 2462 283 2526 bladum
314 2461 449 2526 venditis
479 2481 535 2526 seu
569 2481 668 2544 equos
700 2461 750 2524 vel
782 2461 896 2544 quevis
923 2461 1074 2526 animalia
1099 2480 1156 2525 seu
1184 2461 1321 2540 corium,
1350 2461 1460 2544 pisces,

152 2554 239 2633 allec,
268 2551 373 2636 pellea,
399 2553 528 2634 species,
555 2571 669 2630 ceram,
690 2571 811 2635 sepum,
830 2552 984 2633 butirum,
1002 2553 1148 2616 aruinam
1170 2571 1226 2616 seu
1251 2570 1460 2634 quascunque

153 2662 274 2708 merces
303 2642 430 2706 utilitati
460 2661 517 2705 seu
544 2642 724 2705 necessitati
745 2647 847 2706 vestre
868 2663 904 2706 ac
926 2642 1022 2707 vestri
1043 2643 1227 2706 monasterii
1248 2647 1459 2724 congruentes

152 2735 258 2798 emitis
280 2751 337 2796 sau
357 2731 593 2816 quomodolibet
613 2734 807 2816 conparatis,
827 2734 866 2797 de
887 2732 1004 2816 quibus
1026 2749 1228 2815 quorumque
1250 2751 1347 2796 causa
1367 2731 1459 2795 nobis

151 2824 284 2910 pedagia
312 2841 370 2888 seu
396 2821 553 2906 guidagia
576 2822 625 2886 vel
645 2823 789 2886 thelonea
811 2823 889 2887 alias
909 2822 1112 2901 deberentur,
1138 2841 1194 2906 per
1214 2827 1339 2886 nostros
1361 2821 1459 2886 thelo-

152 2915 278 2979 nearius
299 2932 356 2977 seu
378 2911 528 2976 officiales
550 2913 720 2996 quoslibet,
742 2912 989 2996 quibuscunque
1009 2911 1193 2977 nominibus
1215 2931 1272 2976 seu
1294 2933 1458 2996 nuncupa·

152 3005 298 3069 cionibus
325 3003 375 3066 vel
398 3001 559 3066 vocabulis
583 3009 785 3084 censeantur,
813 3004 942 3068 euobis
963 3003 1013 3067 vel
1038 3003 1166 3067 nunciis
1188 3004 1301 3066 vestris
1329 3004 1459 3066 nomine

152 3095 203 3160 vel
232 3095 359 3158 racione
386 3093 605 3176 pedagiorum,
631 3092 877 3176 guidagiorum,
902 3094 1120 3158 theloneorum
1150 3111 1207 3156 seu
1237 3091 1321 3176 quod
1342 3091 1458 3176 ungeld

152 3187 278 3262 dicitiu,
298 3184 396 3246 nichil
418 3185 546 3267 penitus
567 3185 713 3268 exigatur
732 3203 853 3266 vosque
874 3184 913 3247 ad
934 3184 1162 3268 prestacionem
1185 3201 1241 3246 seu
1263 3182 1456 3248 solucionem

152 3275 373 3360 pedagiorum,
401 3274 633 3358 guidagiorum
659 3281 690 3338 et
711 3273 930 3338 theloneorum
950 3275 1047 3337 huius
1071 3271 1156 3336 modi
1177 3291 1234 3336 seu
1257 3273 1341 3355 quod
1362 3273 1458 3357 vtdgo

152 3367 271 3430 dicitur
298 3364 415 3446 ungeld
445 3383 502 3428 seu
530 3363 660 3429 alterius
680 3365 902 3446 cuiuscunque
925 3363 1155 3446 depactacionis
1176 3363 1346 3427 teneamini
1369 3364 1458 3428 nullo

152 3455 257 3522 mode.
302 3454 393 3519 Nulli
418 3474 492 3538 ergo
518 3455 701 3519 officialium
726 3460 907 3520 nostrorum
935 3454 1027 3518 liceat
1056 3453 1138 3517 hanc
1172 3454 1321 3536 paginam
1352 3459 1458 3518 nostm

152 3546 351 3610 remissionis
374 3550 405 3609 et
424 3545 528 3628 gracie
548 3545 719 3627 infringere
739 3564 797 3610 seu
812 3547 840 3608 ei
858 3544 1000 3628 quolibet
1015 3564 1097 3608 ausu
1114 3544 1280 3608 temerario
1295 3545 1458 3608 contraire

153 3637 187 3700 Si
209 3635 282 3718 quis
304 3639 410 3698 autem
424 3635 483 3698 hoc
498 3640 683 3717 attemptare
699 3635 936 3718 presumpserit,
957 3638 1060 3718 preter
1076 3633 1183 3696 divine
1198 3634 1379 3716 magestatis
1388 3632 1460 3714 (sic)

153 3725 321 3804 offensam,
349 3745 445 3808 quam
466 3723 683 3788 indubitanter
703 3725 851 3802 incurrit,
876 3729 981 3787 nostre
1008 3722 1241 3805 indignacionis
1261 3722 1460 3786 animadver-

153 3817 275 3878 sionem
306 3833 339 3877 se
366 3815 490 3877 noverit
510 3814 694 3878 nullatenus
715 3834 895 3878 evasurum.
938 3811 1056 3876 Datum
1078 3811 1182 3876 Hallis
1202 3821 1289 3876 ΧΠΙΙ
1309 3811 1460 3877 kalendas

152 3905 294 3968 Ianuarii
325 3922 408 3966 anno
438 3904 559 3967 domini
580 3913 855 3984 M⁰CCG⁰XXXI0,
887 3903 1087 3988 presentibus
1114 3901 1293 3966 illustribus
1320 3901 1459 3966 Henrico

152 3993 334 4076 lancgravio
359 3991 474 4058 Hassis
507 3999 538 4058 et
564 3993 733 4058 Ludeuico
765 3995 895 4058 custode
921 3993 1203 4078 Magdeburgensis
1230 3991 1361 4056 ecclesie
1390 4011 1460 4074 ger·

153 4085 259 4147 manis
279 4085 396 4147 nostris
417 4085 551 4165 dilectiS,
580 4085 710 4149 Alberto
732 4085 771 4148 de
792 4083 917 4166 Barbey
938 4084 1024 4147 fideli
1045 4089 1166 4163 nostro,
1191 4081 1334 4146 iohanne
1354 4087 1460 4146 nostre

151 4177 242 4238 curie
262 4174 496 4256 prothonotario
516 4181 547 4238 et
567 4175 714 4258 pluribus
735 4175 805 4238 aliis
826 4174 887 4240 fide
909 4175 1022 4257 dignis.

680 4395 931 4404 ..—-—-—-—-
