3506 5148
301 365 353 436 470
673 366 903 440 Urlrundenbuch
922 384 970 440 des
990 369 1115 442 Klosters
1133 373 1236 444 Plorte.

301 534 436 615 singulis
466 534 558 596 annis
577 553 758 618 comparare
779 541 810 599 et
830 537 951 622 absque
972 541 1058 602 omni
1080 539 1212 622 pedagio
1234 541 1302 603 sire
1323 539 1488 603 theloneob
1512 536 1608 604 libere

301 625 447 704 valeatis,
475 625 675 708 presentibus
705 627 920 693 favorabiliter
949 631 1169 712 indulgemus,
1196 649 1236 694 ne
1259 633 1382 713 quisin
1405 631 1608 694 huiusmodi

301 713 445 777 libertate
466 735 522 778 vos
543 717 702 796 impediat,
724 717 901 782 districcius
923 720 1111 783 inhibentes.
1154 719 1190 782 In
1214 723 1308 784 ciriae
1324 723 1371 784 rei
1390 723 1608 784 testimonium

302 804 392 867 vobis
418 806 535 868 litteras
562 812 684 868 nostras
713 815 874 892 presentes
901 811 1047 873 dedimus
1075 813 1267 892 appensione
1295 813 1395 874 nostri
1419 811 1512 892 sigilli
1533 811 1608 874 fide·

299 895 371 957 liter
391 897 611 957 communitae.
653 895 771 960 Datum
794 919 878 961 auno
901 902 1020 962 domini
1044 909 1071 962 M
1083 910 1249 980 dccxxii,
1270 911 1323 963 XV
1346 902 1499 963 kalendas
1524 900 1607 965 blaii.

369 1013 380 1040 ²
398 1029 461 1082 sepa
532 1001 545 1038 ¹³
564 1011 709 1066 theoloneo

831 1099 1082 1108 -—-·--—.--.—.-—-.

301 1147 412 1227 1322.
439 1145 577 1226 01017.
1517 1148 1607 1232 007.

379 1281 487 1344 Alberl
509 1282 571 1344 Abt
593 1283 662 1344 000
685 1282 739 1345 cler
761 1281 907 1346 Kana-cal
928 1285 982 1347 des
1003 1285 1142 1348 Klosters
1167 1285 1273 1366 Psorle
1292 1283 1384 1362 pelian
1404 1283 1472 1346 aem
1488 1283 1608 1346 Plebon

340 1373 373 1433 in
395 1371 553 1451 Spiellicrp
576 1391 648 1434 000
670 1371 784 1434 Ersala
806 1373 864 1453 fiir
888 1373 949 1436 deri
970 1373 1217 1454 baaraspracblca
1239 1373 1376 1436 chiii-ten
1396 1373 1453 1436 dar
1474 1373 1610 1454 Kapelle

338 1463 373 1524 ia
396 1461 594 1524 07ᾶο10000
617 1465 635 1523 1
656 1461 747 1543 Hafa
766 1464 800 1524 ia
826 1461 987 1544 7009000
1007 1483 1048 1528 aa
1069 1465 1164 1544 cipere.
1214 1465 1279 1544 Vqr.
1302 1462 1453 1527 170508.

449 1589 583 1643 101300..Ι
601 1587 696 1642 12104
717 1590 769 1657 (tit.
780 1590 970 1658 Franclrowc).

447 1682 558 1736 Druck:
576 1682 708 1736 Daitscla:
734 1682 819 1750 Wolff
833 1682 874 1750 II,
893 1687 953 1737 402.

377 1796 443 1858 Nos
470 1797 566 1859 ‘frater
593 1797 767 1875 Allbertus]
797 1798 894 1860 abbas
923 1803 1073 1881 totusque
1100 1803 1277 1862 conventus
1309 1799 1339 1860 in
1371 1797 1467 1860 Porta
1498 1802 1608 1859 tenore

298 1889 497 1969 presencium
527 1889 796 1970 recognoscimus
824 1888 922 1970 qnod,
950 1908 1023 1952 curn
1054 1889 1209 1971 plebanus
1232 1887 1264 1950 P.
1286 1890 1318 1950 in
1341 1887 1493 1972 Spelberg
1513 1886 1608 1950 uobis

298 1997 425 2040 causam
453 1983 594 2039 moveret
620 1997 716 2059 super
741 1979 862 2041 decima
893 1998 949 2041 seu
979 1980 1192 2042 decimacione
1212 1979 1350 2062 cappella
1370 1980 1405 2041 in
1426 1977 1610 2055 Frenclroiv,

298 2087 393 2148 (piram
416 2066 453 2128 ad
477 2087 566 2129 suam
589 2069 786 2150 parrochiam
808 2070 840 2130 in
863 2068 1008 2151 Spilberg
1028 2071 1163 2132 asseruit
1184 2071 1348 2150 pertinere,
1370 2087 1429 2129 nos
1450 2072 1609 2130 monaste-

297 2161 379 2219 rium
402 2163 547 2219 nostrum
569 2157 607 2219 ab
630 2159 832 2220 huiusmodi
854 2177 949 2220 onero
970 2159 1110 2221 relevare
1131 2161 1296 2241 cupientes
1318 2157 1457 2241 predicto
1472 2156 1609 2240 plebano

299 2267 445 2309 mansum
473 2247 569 2309 situm
596 2248 629 2309 in
658 2246 820 2326 Dokwica,
848 2250 902 2330 qui
932 2249 970 2311 ad
998 2268 1057 2311 nos
1083 2249 1176 2331 pleno
1200 2250 1269 2310 iure
1291 2246 1478 2330 pertinebat,
1504 2249 1537 2308 iu
1560 2266 1610 2308 re-

298 2345 442 2410 staurum
469 2336 549 2399 dicte
575 2337 696 2400 decime
726 2357 783 2400 seu
809 2339 1033 2400 decimacionis
1053 2338 1200 2401 dedimus
1221 2343 1252 2400 et
1272 2336 1474 2420 presentibus
1493 2337 1610 2400 damus

297 2426 388 2488 titulo
412 2428 608 2508 proprietatis
630 2433 780 2511 perpetuo
801 2429 1058 2512 possidendum&
1101 2429 1142 2491 Et
1162 2429 1229 2510 ipse
1250 2427 1406 2510 plebanus
1427 2427 1514 2490 omni
1536 2428 1611 2506 iuri,

297 2518 380 2598 quiid
412 2519 445 2578 in
481 2518 564 2579 dicta
594 2519 735 2600 cappella
764 2519 879 2582 babere
911 2525 1031 2602 poterat
1062 2537 1117 2581 seu
1146 2521 1195 2581 sui
1226 2537 1425 2581 successores
1446 2518 1608 2581 essentia

297 2615 457 2689 posterum
479 2607 632 2687 babituri,
660 2611 787 2690 penitus
808 2609 1081 2688 abrenuucciavit‚
1112 2611 1274 2692 prescitim
1302 2629 1376 2670 cum
1398 2626 1455 2670 sue
1476 2607 1611 2670 ecclesio

297 2716 334 2758 ex
366 2697 540 2760 donacione
570 2698 700 2779 predicti
727 2701 829 2761 mansi
860 2699 1054 2762 sufficienter
1079 2706 1160 2762 esset
1188 2700 1367 2782 provisum,
1395 2703 1488 2781 prout
1508 2698 1611 2778 exigit

297 2785 372 2846 ordo
394 2787 482 2848 iuris
526 2785 562 2848 Iu
585 2787 679 2848 cuius
702 2790 746 2848 rei
763 2791 979 2852 testimonium
998 2794 1173 2870 presentem
1189 2789 1322 2850 litteram
1339 2789 1474 2870 desuper
1488 2786 1608 2848 editam

297 2877 396 2936 nostri
425 2875 519 2958 sigilli
547 2877 724 2938 munimine
750 2877 883 2941 fecimus
911 2879 1060 2942 roborari.
1103 2877 1219 2940 Datiun
1249 2897 1333 2940 anno
1361 2877 1479 2940 domini
1502 2884 1610 2940 MCOG

296 2974 397 3044 xxii,
419 2984 520 3027 nonas
542 2965 625 3027 lllaii.

367 3079 565 3150 “possidendo

299 3200 407 3283 1322.
434 3202 530 3282 auti
549 3205 609 3285 10.
1508 3202 1611 3286 508.

375 3336 529 3402 Heinrich
561 3341 674 3422 Propsl
700 3342 735 3404 ia
765 3341 897 3405 lliiselcr
923 3343 993 3404 arad
1018 3340 1150 3406 Bertold
1179 3340 1297 3404 Plebaa
1328 3340 1362 3402 ia
1384 3339 1540 3419 Lissdors
1557 3340 1612 3404 be-

335 3428 480 3504 000000,
510 3431 585 3492 dass
609 3433 654 3494 sie
681 3433 832 3496 airdscben
856 3433 925 3495 daia
950 3432 1077 3495 Kloster
1107 3431 1214 3513 Psortc
1239 3430 1309 3493 rand
1335 3429 1405 3492 cleris
1427 3429 1546 3492 Pleban
1573 3432 1612 3494 im

336 3519 494 3600 bpicllicrp
514 3521 550 3583 ia
571 3523 627 3585 der
648 3523 683 3585 in
705 3522 766 3586 Nr.
780 3526 845 3586 507
865 3523 1077 3603 anpepabeaca
1089 3521 1190 3590 Weiss
1208 3519 1401 3584 catacliiedeu
1422 3517 1530 3584 baben.

447 3647 688 3704 Hilaclrr..·D10=l
707 3651 760 3718 (tit.
775 3650 956 3716 Franckowe)
978 3650 1019 3716 (D
1028 3651 1066 3717 1),
1091 3648 1244 3704 arisserdem
1262 3647 1382 3700 rabtlicli
1399 3643 1614 3715 aufpmommen

493 3728 523 3780 ia
542 3729 600 3782 000
617 3731 707 3784 diesen
722 3731 856 3799 Verpleicb
874 3731 1050 3799 liastdtipeade
1073 3731 1136 3783 llrlr.
1155 3729 1200 3782 dea
1220 3727 1343 3794 officials
1361 3726 1407 3779 des
1422 3727 1614 3792 illam'enstilis

496 3808 527 3860 iri
546 3809 649 3876 Erfurt
666 3827 723 3864 eom
741 3811 768 3864 J.
780 3814 856 3863 1366.
875 3811 986 3863 Jamrar
995 3814 1036 3863 11.
1054 3809 1146 3863 Daca
1164 3809 1216 3876 (tit.
1227 3807 1250 3861 F
1252 3806 1406 3873 rauclrowc)
1425 3805 1516 3872 (Da).

445 3899 558 3954 Dirrcb:
577 3901 713 3956 Daratscli:
739 3902 825 3970 Wolff
838 3902 879 3968 H,
898 3907 956 3958 402.

378 4019 443 4084 Nos
465 4023 637 4088 Heinricus
659 4028 837 4109 prepositus
860 4027 1169 4090 sanctimonialium*
1189 4022 1366 4088 inHeseler
1389 4029 1420 4087 et
1435 4021 1614 4088 Bertoldus

296 4111 451 4191 plebanus
472 4116 504 4176 in
525 4114 755 4200 Lissingistorff
772 4120 1029 4199 recognoscimus
1049 4123 1157 4180 tenore
1179 4117 1388 4199 presencium,
1416 4113 1612 4197 quodcum

295 4202 445 4265 dominus
470 4204 625 4286 plebanus
652 4208 685 4268 in
713 4207 858 4290 Spilberg
884 4207 1012 4270 dominc
1040 4205 1145 4269 abbati
1175 4209 1208 4268 in
1238 4205 1353 4268 Pertab
1380 4222 1507 4266 causam
1537 4221 1618 4265 mo-

295 4292 393 4354 visset
408 4313 504 4377 super
520 4296 657 4378 quadam
676 4297 797 4361 decima
813 4317 870 4361 seu
885 4299 1098 4360 decimacione
1116 4315 1211 4378 super
1226 4294 1366 4378 cappella
1384 4295 1417 4355 in
1431 4291 1616 4356 Frenclrow

294 4383 535 4464 pertinentibus,
566 4405 626 4449 nos
648 4387 687 4449 ad
709 4389 896 4471 peticionem
923 4389 1090 4468 utriusque
1111 4387 1208 4469 partis
1229 4404 1287 4447 nec
1310 4404 1372 4446 non
1396 4383 1435 4446 ad
1457 4381 1620 4448 mandata

295 4471 476 4537 ot'licialium
499 4476 629 4539 ecclesie
650 4484 758 4541 sancte
769 4477 867 4540 Mario
882 4477 1092 4540 Erffordensis
1107 4475 1276 4557 predictam
1294 4493 1422 4536 caiisem
1440 4477 1615 4554 tamquam

294 4560 495 4629 arbitratores
529 4567 621 4630 nobis
651 4570 884 4651 assumpsimus
920 4567 1154 4630 discuciendam
1194 4565 1255 4627 sub
1292 4565 1393 4626 forma
1427 4561 1620 4628 amicabilis
