3506 5148
640 389 690 451 Νη
701 393 846 452 502-504.
867 397 943 457 1321.
1399 397 1450 455 am

143 540 231 606 Nuer
257 563 330 608 cum
358 543 476 628 ligusto
503 553 534 610 et
561 547 724 610 liumuleto
752 568 807 631 pro
835 549 974 612 remedio
1004 552 1110 632 anime
1137 552 1240 616 mariti
1269 553 1319 614 sui
1348 553 1451 635 occisi,

144 635 286 698 videlicet
306 635 432 699 Rudolti
455 638 575 720 prefati,
596 639 731 701 contulit
752 639 885 719 ecclesie
906 639 1061 704 Portensi.
1105 641 1184 706 Oum
1209 661 1281 705 vero
1312 644 1450 725 predicta

143 731 288 788 matrona
316 733 488 789 memorata
516 727 597 790 bona
627 748 645 790 a
672 727 764 791 nobis
790 730 927 791 tenuerit
956 731 1024 792 iure
1052 730 1181 812 feodali,
1210 735 1277 815 ipsa
1305 732 1397 795 nobis
1416 734 1448 796 iu

145 834 260 878 manus
280 823 405 878 nostras
427 815 524 878 libere
544 818 726 897 resignavit,
746 817 783 880 ad
807 819 899 880 cuius
920 821 1107 900 peticionem
1133 841 1191 884 nos
1213 821 1350 904 prelatus
1364 821 1450 884 Hen-

144 906 228 968 ricus
249 906 358 968 eadem
380 911 520 988 protacta
542 906 625 969 bona
640 908 762 985 damus,
785 908 939 970 tradimus
954 915 985 972 et
1003 910 1161 974 donamus
1179 913 1302 994 prefate
1318 913 1451 994 ecclesie

142 993 287 1057 Portensi
314 997 384 1058 iure
411 997 614 1079 proprietario
643 1003 792 1080 perpetue
818 998 1013 1080 possidenda.
1056 1000 1098 1062 Ut
1127 1008 1232 1066 antem
1263 1003 1321 1083 bec
1343 1009 1450 1065 nostra

142 1084 268 1147 donatio
303 1086 491 1148 inconvulsa
528 1093 559 1149 et
597 1087 718 1150 stabilis
746 1088 779 1149 in
819 1093 1005 1172 perpetuum
1039 1097 1231 1172 perseveret,
1272 1099 1448 1174 presentem

140 1174 275 1237 litteram
298 1175 454 1238 conscribi
477 1175 611 1238 fecimus
632 1183 663 1239 et
684 1177 778 1259 sigilli
801 1179 899 1241 nostri
922 1181 1090 1243 auctentici
1105 1183 1284 1245 munimine
1301 1182 1448 1246 roborari.

139 1263 247 1328 Testes
275 1266 371 1328 huius
398 1268 443 1328 rei
471 1271 547 1328 sunt
574 1267 724 1330 dominus
753 1265 922 1331 Hernicus
952 1269 1106 1353 plebanus
1133 1271 1190 1332 loci
1218 1272 1373 1349 eiusdem,
1402 1272 1450 1334 lo·

141 1354 262 1418 haunes
283 1354 477 1435 Holdcrzcn,
503 1355 627 1419 'l'bicelo
651 1356 800 1436 Wiltorli,
829 1357 997 1421 Bertoldus
1019 1359 1057 1422 de
1080 1358 1215 1438 Madela,
1244 1360 1449 1425 Hermannus

141 1443 314 1508 Wic'elonis
335 1446 494 1508 castellani
517 1446 642 1511 ibidem.
678 1445 795 1510 Datum
817 1449 850 1510 in
870 1446 1042 1530 Dornburg
1063 1467 1147 1513 anno
1169 1451 1288 1513 domini
1310 1460 1355 1514 ΜΟ
1369 1460 1449 1516 0000

139 1545 242 1614 XX10,
262 1545 330 1599 xm
353 1536 502 1600 kalendas
522 1536 641 1600 lllarcii.

141 1735 310 1839 [raaia]
338 1736 455 1818 usn
474 1737 535 1820 15.
1353 1742 1448 1824 sor.

222 1882 375 1945 Heinrich
404 1883 541 1966 Bisclaof
563 1904 621 1946 oon
648 1883 838 1964 Nomuburp
869 1883 1034 1960 bairandei,
1069 1885 1144 1948 dass
1169 1887 1236 1950 sein
1259 1885 1447 1968 Vorpdnper,

180 1973 318 2054 Br'sclrof
340 1971 463 2050 Uti-ica,
494 1975 594 2036 darcb
615 1975 789 2054 deiopende
809 1973 1021 2056 Berliirfnisse
1043 1975 1234 2050 omoalassi,
1260 1977 1321 2038 deo
1347 1977 1448 2040 ll'e‘rlb

181 2065 267 2126 einer
286 2063 489 2126 Jobresrentc
508 2085 567 2128 oon
591 2064 736 2141 3Morlr,
759 2065 810 2126 die
831 2065 890 2128 dos
911 2063 1038 2127 Klosler
1058 2065 1166 2146 Psmte
1187 2067 1243 2146 fiir
1260 2063 1448 2145 Zueipoaap

180 2173 239 2216 oon
264 2156 283 2216 9
302 2152 415 2234 Hafcn
433 2155 469 2216 a'n
491 2153 644 2218 Zaclcwor
665 2156 733 2217 dem
754 2154 887 2235 Kopitel
915 2175 956 2218 aa
975 2154 1085 2220 aolrlca
1107 2155 1296 2235 rcrpsliclrtet
1314 2176 1448 2236 pewesen

179 2245 233 2318 sei,
255 2244 312 2306 mil
332 2249 377 2307 30
398 2243 498 2306 Maris
517 2245 582 2307 siclt
603 2243 680 2306 liobe
699 2245 872 2308 ousaoblen
896 2245 1006 2306 tossen.

292 2369 424 2426 Hdaclun
453 2371 497 2427 Or.
510 2372 584 2440 Perp.
612 2376 631 2425 2
649 2371 705 2440 Sp,
724 2371 775 2424 das
791 2372 963 2440 birclrdslicbe
980 2372 1138 2441 wammam,
1158 2389 1208 2426 aaa
1226 2372 1284 2426 dem
1303 2372 1348 2426 des
1365 2373 1448 2426 Dom-

342 2452 455 2519 lapr'tels
473 2451 509 2505 ist
527 2453 571 2504 cin
587 2453 708 2520 pmnpes
718 2451 865 2521 Fragment
884 2453 1012 2505 erlmlten.
1041 2451 1204 2521 Noamborp
1222 2451 1259 2506 D.
1273 2455 1306 2508 A.
1325 2453 1377 2506 Nr.
1388 2459 1449 2508 258.

296 2544 472 2613 disponerat.

221 2667 258 2729 In
287 2670 415 2732 nomine
443 2669 572 2732 domini.
604 2669 717 2730 Amen.
761 2667 808 2730 Nc
834 2670 893 2730 rite
921 2673 1009 2750 gesta
1036 2668 1074 2729 ab
1101 2668 1284 2730 hominibus
1313 2670 1344 2730 in
1373 2668 1449 2730 obli-

141 2760 270 2820 vionem
292 2758 468 2834 deveniant,
489 2759 622 2819 eternari
646 2757 747 2819 solent
764 2759 946 2840 patrociniis
964 2758 1148 2820 litterarum.
1180 2757 1264 2820 Hinc
1285 2765 1340 2834 cst,
1363 2759 1447 2841 quod

137 2869 198 2910 nos
209 2847 381 2910 Heinricns
403 2847 452 2910 dei
471 2849 572 2930 gratis
584 2846 611 2909 N
616 2847 847 2928 neuburgensis
864 2847 993 2910 ecclesie
1011 2850 1177 2930 episcopus
1193 2851 1449 2930 recognoscimus

136 2947 171 3000 et
201 2937 401 3020 presentibus
427 2937 539 2998 litteris
566 2936 690 3018 publice
717 2937 912 3018 profitemur,
939 2937 1023 3019 quod
1052 2939 1244 3001 reverendus
1271 2940 1302 3000 in
1325 2937 1448 3000 Christo

138 3035 231 3110 pster
259 3047 296 3088 ac
326 3027 476 3089 dominus
511 3028 659 3089 dominns
689 3027 835 3088 Vlricus²
862 3027 1022 3109 quondam
1051 3027 1192 3090 eiusdem
1226 3027 1355 3088 ecclesie
1384 3028 1448 3108 epi·

136 3136 255 3197 scopus
280 3116 361 3179 boue
379 3119 530 3178 memorie
552 3126 659 3179 noster
672 3117 872 3196 predecessor
893 3116 1054 3198 aliquibus
1076 3118 1237 3177 retroactis
1253 3117 1447 3198 temporibus

137 3226 256 3268 novem
281 3225 407 3268 mansos
428 3207 505 3268 sitos
525 3208 556 3267 in
579 3225 689 3288 υῑιιηρο
714 3207 786 3267 ville
797 3205 961 3268 Crebelrur
981 3205 1148 3267 alienasset
1170 3205 1209 3268 ab
1232 3205 1362 3267 ecclesia
1387 3205 1446 3268 sub

134 3298 196 3359 hae
223 3296 336 3373 forma,
366 3296 509 3358 videlicet
536 3296 620 3378 qnod
651 3296 733 3377 apud
764 3297 927 3358 dominum
952 3298 1000 3359 ..³
1022 3295 1165 3357 abbatem
1194 3300 1226 3357 et
1253 3303 1444 3357 conventum

134 3387 323 3448 monasterii
352 3385 514 3448 Portensis
541 3387 714 3468 proprietas
743 3386 897 3448 dictorum
932 3405 1115 3449 mansorum
1148 3394 1325 3448 remaneret
1352 3393 1383 3448 et
1413 3389 1444 3448 in

135 3495 380 3558 recompensam
418 3477 557 3558 ipsorum
595 3477 744 3539 dominus
777 3477 874 3540 abbas
910 3484 942 3539 et
972 3496 1051 3540 suus
1081 3481 1258 3538 conventus
1289 3477 1446 3558 predictus
1486 3533 1489 3542 ,

134 3569 237 3628 trium
261 3585 438 3630 marcarum
461 3566 603 3630 redditus
622 3567 656 3629 in
679 3567 821 3630 districtu
844 3566 1091 3648 castriSonberg
1111 3565 1194 3646 (sic),
1215 3566 1300 3648 quod
1325 3567 1447 3648 proprie

134 3657 313 3719 borcwarte
335 3663 553 3740 nuncupatur,
579 3656 826 3738 Noenburgensi
853 3657 982 3720 ecclesie
1011 3665 1243 3739 compararent,
1264 3675 1367 3742 ‘quam
1391 3656 1442 3716 diu

132 3767 215 3810 vero
243 3748 339 3808 huius
368 3748 452 3810 modi
481 3747 622 3810 redditus
648 3748 778 3809 ecclesie
802 3767 865 3809 non
891 3752 1137 3828 comparassent,
1169 3745 1280 3826 abbas,
1308 3747 1361 3828 qui
1392 3764 1446 3826 pro

131 3849 279 3920 tempore
300 3845 391 3915 esset,
411 3843 473 3900 tres
498 3857 620 3900 marcas
642 3839 779 3900 dominis
800 3844 830 3900 et
851 3838 1011 3898 canonicis
1033 3837 1163 3900 ecclesie
1181 3835 1208 3898 N
1213 3836 1446 3918 neuburgensis

131 3931 178 3992 de
203 3928 342 3989 claustro
367 3929 460 3990 aunis
486 3929 621 4009 singulis
651 3930 849 3990 ministraret.
899 3926 979 3989 Cum
1011 3946 1082 3989 uero
1109 3927 1269 4010 predictus
1298 3928 1446 3988 dominus

132 4019 267 4081 Vlricus
298 4019 464 4100 episcopus
496 4017 720 4099 ingruentibus
752 4017 882 4079 ecclesie
913 4035 970 4080 sue
1001 4015 1242 4080 necessitatibus
1274 4016 1312 4078 de
1340 4017 1446 4096 aliqua

132 4128 265 4173 summa
288 4108 423 4190 pecunie
443 4108 645 4189 indiguisset,
673 4126 728 4190 pro
756 4107 872 4168 eisdem
895 4105 998 4168 tribus
1020 4106 1135 4170 marcis
1156 4105 1194 4167 de
1215 4124 1372 4168 consensu
1395 4104 1446 4166 sui

134 4199 272 4283 capituli
295 4200 424 4282 triginta
445 4218 567 4262 marcas
587 4199 708 4280 argenti
728 4217 746 4260 a
767 4197 895 4260 domino
917 4196 1030 4259 abbate
1049 4202 1080 4258 et
1101 4215 1159 4258 suo
1180 4201 1357 4257 conventu·
1378 4212 1445 4276 pre,

131 4294 222 4356 dicto
244 4291 438 4352 renunciatis
459 4289 595 4372 capitulo
617 4290 649 4350 in
672 4288 789 4352 eisdem
818 4289 937 4350 mansis
958 4285 1108 4349 omnibus
1123 4285 1248 4348 iuribus
1265 4285 1447 4366 acceptavit,

129 4400 235 4466 quam
261 4380 429 4463 pecuniam
457 4379 606 4442 dominus
634 4377 760 4442 Vlricus
791 4378 958 4460 episcopus
992 4376 1151 4458 predictus
1183 4376 1214 4436 in
1250 4376 1446 4438 necessarios

132 4491 220 4538 usus
241 4471 372 4534 ecclesie
393 4471 555 4534 distribuit
576 4477 606 4532 et
628 4469 790 4532 convertit.

175 4575 225 4637 Im
245 4577 372 4638 wellam
392 4573 447 4637 bal
467 4573 518 4637 die
538 4569 773 4654 amfonprcicbc
789 4567 940 4634 Urlande
959 4568 1026 4650 auf
1037 4567 1146 4648 Psorte
1160 4567 1272 4630 karam
1286 4564 1402 4648 Besso.
