3392 5150
306 379 359 436 332
683 379 915 437 Urlrnndenbuoh
932 380 981 436 des
1000 380 1122 436 lilosters
1138 379 1239 436 Piorte

306 551 365 596 sex
393 551 521 596 mansos
550 537 582 596 et
610 532 791 610 dimidium,
815 533 850 594 iu
871 531 1099 596 Hassenhusen
1129 533 1240 596 decem
1268 552 1411 608 mansos,
1440 550 1501 612 que
1525 529 1598 592 bona

305 621 498 686 venerabilis
521 623 682 700 dominus,
702 622 916 686 Theodericus
936 623 1034 686 abbas
1056 623 1095 685 de
1118 623 1377 700 Porta-nominc
1399 641 1457 684 sue
1478 621 1598 684 ecclesie

306 711 346 774 ab
368 711 527 775 abbatissa
548 717 580 775 et
601 712 735 775 ecclesia
756 712 794 776 de
817 712 1101 794 Quedhngenburg
1122 712 1332 794 compararit,
1352 731 1426 774 oum
1448 709 1600 772 advocatia

305 819 365 862 neo
392 820 455 862 non
481 807 513 865 et
534 801 619 862 omni
641 801 710 864 iure
733 801 916 883 prescriptis
937 801 1028 863 bonis
1049 820 1176 862 annexo
1198 800 1388 880 generaliter
1407 800 1530 862 coemit
1566 799 1598 862 ln

306 890 423 970 qmbus
450 891 542 954 bonis
568 909 627 954 neo
649 891 700 954 ius
721 891 884 953 advocatie
906 909 966 952 nec
987 890 1073 953 aliud
1097 890 1322 970 quodcumque
1343 890 1394 952 ius
1416 909 1475 953 nos
1496 888 1600 952 bahem

305 999 520 1062 necunquam
541 980 689 1044 habuisse
708 980 965 1062 recognoscimus
986 989 1018 1044 et
1039 981 1177 1062 presenti
1199 980 1315 1066 pagina
1332 979 1438 1054 lucide
1461 983 1602 1062 protenta»

304 1090 385 1133 mur.
428 1070 472 1133 Ut
497 1075 602 1133 aulem
629 1072 725 1133 totius
751 1070 893 1153 improbe
921 1071 1127 1152 impetitionis
1147 1070 1354 1150 conquiescat
1374 1070 1513 1133 eccesie.
1540 1089 1602 1150 pro·

305 1165 426 1222 sentem
442 1159 579 1222 litteram
593 1160 631 1221 ad
650 1159 896 1222 declarationem
913 1159 1008 1222 huius
1029 1160 1105 1222 iacti
1125 1159 1282 1222 conscribi
1304 1159 1440 1222 fecimus
1460 1164 1493 1221 et
1514 1159 1602 1220 nostri

305 1249 401 1330 sigilli
427 1249 540 1312 robore
567 1250 766 1312 communiri.
807 1248 914 1312 Huius
935 1250 980 1311 rei
1001 1255 1097 1312 testes
1118 1256 1193 1313 sunt
1213 1248 1348 1312 Mathias
1369 1258 1401 1312 et
1422 1248 1603 1312 Wilhelmus

305 1345 412 1402 nostre
434 1339 521 1402 curie
543 1339 667 1406 notarii.
688 1339 871 1402 (lantherus
893 1339 932 1402 de
947 1339 1067 1416 Liznih,
1087 1338 1302 1402 Theodericus
1322 1337 1494 1415 Waltman,
1514 1338 1603 1401 Theo

305 1427 431 1491 derious
453 1428 492 1491 de
510 1427 618 1506 biche,
640 1429 797 1511 Bertogus
819 1429 980 1492 deVarile
1001 1429 1117 1492 milites
1139 1429 1239 1491 nostri
1260 1433 1292 1491 et
1312 1428 1365 1492 atii
1378 1447 1474 1508 quarn
1496 1428 1602 1512 plures.

304 1515 422 1580 Datum
444 1523 475 1581 et
496 1523 602 1580 actum
624 1519 656 1580 in
679 1525 782 1582 castro
799 1518 970 1600 Wartberg
986 1537 1069 1580 anno
1087 1518 1225 1582 domini⁰
1245 1515 1439 1594 M⁰CGO⁰,X
1459 1517 1603 1581 kalendas

305 1607 458 1688 Augusti,
476 1607 649 1672 indictione
671 1619 765 1674 xilla

374 1722 496 1777 ⁸veniat
513 1725 580 1791 fehlt
597 1724 627 1777 D
698 1714 914 1795 ''Lisegesdorff
930 1723 956 1776 T
1023 1721 1157 1778 ⁰domini
1174 1723 1242 1790 sebit
1259 1723 1289 1776 D

377 1825 544 1882 ¹Hr'ernaot
572 1829 632 1898 liepl
656 1829 740 1883 dieser·
763 1829 891 1884 Urlrnnde
912 1831 1013 1894 (eberiso
1035 1831 1105 1882 auch
1129 1829 1180 1882 den
1200 1827 1291 1882 beiden
1308 1827 1459 1895 selpmden)
1477 1829 1551 1881 nicht
1567 1827 1605 1880 (lie

305 1906 341 1959 im
354 1907 419 1961 Tetri
432 1908 647 1978 nriederpepeberw
656 1909 783 1978 Fharaup
799 1909 847 1963 der
864 1912 969 1978 compen
981 1909 1114 1962 Numeres·
1130 1925 1163 1962 zu
1175 1908 1295 1973 Grande,
1314 1907 1429 1960 eoadem
1446 1905 1491 1960 dia
1507 1907 1605 1972 eadm,

304 1986 384 2040 deren
401 1989 580 2043 abweiclrcnde
598 1990 728 2043 Leaarten
745 1995 825 2042 enter
843 1989 902 2042 dora
923 1989 988 2040 ibet
1005 1989 1157 2055 capemerlrt
1174 1988 1244 2041 sind.

425 2095 520 2156 Aram.
558 2091 664 2175 Wolff
669 2093 719 2168 ΙΙ,
743 2095 811 2158 267
831 2089 932 2154 morht
952 2092 1009 2153 mit
1029 2089 1124 2154 necat
1144 2087 1273 2174 dareris
1287 2091 1516 2172 oufnacrlrsem,
1538 2089 1607 2153 dors

406 2181 488 2244 diese
513 2182 571 2246 wie
595 2183 646 2246 die
665 2182 807 2264 folpende
834 2181 982 2247 Urlrnndc
1002 2182 1069 2262 errf
1083 2181 1138 2244 der
1170 2181 1340 2258 Wnrlburp
1362 2179 1447 2243 nicht
1467 2201 1512 2243 on
1531 2181 1608 2242 dein

404 2269 503 2334 selben
528 2271 611 2352 Tace
635 2273 692 2336 wie
714 2271 777 2335 Nr.
790 2275 856 2335 345
877 2271 912 2332 in
936 2270 1149 2350 Quodlinburp
1168 2269 1372 2350 anspefertipt
1391 2271 1458 2332 seia
1480 2271 1609 2344 kdnrren

404 2360 779 2425 sondernaurriclrdatieri
789 2361 870 2423 sind.
891 2359 1098 2423 Vermutbliclr
1107 2359 1209 2423 istdie
1226 2359 1412 2441 Abfassrmy
1425 2357 1611 2438 pleicbrcitip

405 2451 462 2512 mit
491 2452 589 2514 einen
619 2451 915 2532 Schcnlrunpshriefe
942 2451 996 2512 des
1024 2449 1232 2530 Londprufcn
1260 2469 1287 2512 n.
1301 2448 1334 2513 J·
1350 2452 1441 2513 1301
1484 2447 1557 2512 Dea
1576 2451 1611 2510 11

405 2539 576 2620 (Wotffll,
600 2543 682 2620 275)
703 2539 820 2622 erselpt
842 2541 897 2602 der
914 2559 1018 2620 perron
1039 2539 1188 2602 dicselbea
1209 2537 1332 2620 Zenpen
1351 2539 1506 2619 onslocist.

963 2701 1100 2709 .--

307 2827 425 2912 noe
451 2829 547 2912 run
574 2829 638 2912 aa.
665 2829 930 2932 war-reue„
1070 2791 1072 2794 ’
1350 2897 1352 2907 ,
1524 2825 1616 2906 arr.

380 2964 571 3118 Erllpldrppg
592 2966 645 3029 des
662 2965 869 3046 larndprafcn
891 2963 1035 3028 Albrecbt
1056 2983 1115 3026 oon
1139 2961 1321 3042 Thririnpen
1340 2961 1471 3041 pleicircs
1493 2959 1619 3024 meets

308 3077 314 3088 ·
345 3075 403 3118 wre
459 3075 485 3118 r.
496 3061 510 3114 .‘
563 3106 568 3116 .

456 3172 589 3229 Herae:
608 3173 681 3227 Ded
698 3169 750 3240 (tit.
762 3169 1030 3243 Qucdlingenburg).

454 3277 580 3332 mere.-
599 3278 731 3332 neuen:
757 3277 888 3346 Wolfffl,
907 3281 967 3332 aer.

386 3401 422 3463 In
439 3402 567 3464 nomine
584 3402 712 3464 domini.
739 3403 853 3464 Amen.
882 3401 1033 3464 Alhertus
1049 3400 1099 3463 dei
1116 3399 1217 3480 gratia
1230 3399 1401 3482 Thuringie
1419 3400 1626 3481 lantgravius

307 3495 338 3552 et
359 3489 497 3552 bonimio
524 3509 630 3552 comes
657 3489 815 3572 palatinus
843 3489 991 3552 omnihus
1019 3490 1052 3550 in
1079 3495 1276 3571 perpetuum.
1319 3488 1443 3568 Nece,
1472 3509 1540 3569 qrre
1566 3490 1626 3552 rite

307 3585 459 3660 aguntur,
485 3579 573 3641 tollat
599 3579 731 3656 oblivio,
759 3580 877 3662 placuit
902 3578 957 3642 illa
985 3579 1093 3662 scripti
1112 3579 1291 3641 testimonio
1313 3579 1517 3660 perhennem.
1566 3579 1628 3642 ne-

306 3669 527 3748 cognoscimus
552 3669 649 3750 igitur
674 3676 789 3732 ettam
812 3671 968 3752 presentis
989 3669 1039 3731 eri
1060 3668 1243 3730 hominibus
1265 3687 1359 3748 quam
1382 3668 1479 3730 etiam
1500 3669 1630 3732 futuris

306 3757 453 3838 cupimus
484 3778 552 3821 esse
581 3764 707 3832 notum,
740 3759 825 3839 qnod
853 3760 885 3821 in
914 3759 975 3821 hiis
1001 3757 1106 3835 bonis,
1138 3756 1287 3821 videlicet
1312 3758 1343 3818 in
1372 3755 1567 3820 Libenstete
1595 3758 1629 3819 in

307 3846 436 3928 viginti·
458 3866 515 3909 sex
536 3849 672 3925 mansiS,
693 3850 724 3910 in
747 3849 984 3931 ltndingesdorl
1004 3857 1057 3910 ΧΠ
1079 3849 1198 3911 mansis
1221 3853 1254 3910 et
1275 3847 1421 3922 dimidio,
1443 3847 1476 3908 in
1499 3847 1632 3910 Tham-

307 3941 386 3998 stete
406 3936 438 3996 in
462 3945 528 3998 xvi
551 3937 678 4013 mansis,
699 3939 730 3998 in
754 3939 847 4000 b'nlne
868 3948 905 4000 Vl
930 3937 1049 3999 mansis
1070 3942 1102 3999 et
1123 3937 1263 4012 dimidio,
1284 3935 1317 3998 in
1338 3935 1585 4000 Hassenhuseu
1606 3947 1630 4000 x

307 4027 439 4104 mansis,
467 4045 529 4106 que
559 4025 597 4089 ab
620 4028 754 4090 ecclesia
772 4027 1056 4110 Quedlingenburg
1075 4027 1134 4090 rite
1156 4031 1188 4089 et
1208 4019 1438 4088 rationabiliter
1460 4025 1636 4092 habentur

306 4121 338 4178 et
358 4135 377 4177 a
399 4115 526 4178 domino
549 4116 661 4180 abbate
683 4123 715 4180 et
735 4124 895 4180 conventu
916 4117 955 4180 de
977 4117 1073 4180 Porta
1093 4115 1308 4199 possidentur,
1336 4134 1395 4178 nos
1417 4115 1525 4178 nichil
1550 4119 1635 4181 iuris

306 4205 461 4268 habemus
487 4207 614 4287 penitus
641 4226 700 4270 nec
721 4209 838 4270 nostris
859 4206 1029 4270 heredibus
1050 4211 1082 4268 et
1102 4206 1236 4288 posteris
1258 4204 1527 4286 quibuscumque
1551 4209 1637 4272 iuris

306 4294 518 4376 rehnquimns
537 4297 570 4358 in
593 4297 713 4360 eisdem
736 4317 777 4360 ex
798 4298 867 4360 iure
890 4296 1074 4379 simpliciter
1095 4301 1150 4358 ant
1171 4314 1213 4358 ex
1233 4295 1326 4358 facto.
1366 4293 1450 4357 Nam
1472 4305 1635 4362 nostrum

306 4384 357 4446 ius
382 4389 438 4446 aut
457 4391 638 4448 nostrornm
659 4385 812 4449 heredum
834 4391 889 4448 ant
910 4403 1129 4448 suceessorum
1151 4385 1185 4447 in
1206 4383 1298 4446 bonis
1319 4392 1393 4446 ente
1415 4383 1519 4449 dictis
1544 4388 1639 4452 affir-

306 4491 443 4552 mamus
473 4476 662 4556 profitemur
689 4481 720 4538 et
746 4475 917 4539 asserimus
943 4494 1083 4554 cassum,
1103 4475 1229 4536 irritum
1251 4480 1282 4537 et
1302 4473 1407 4536 inane.
1452 4473 1503 4538 nt
1532 4479 1640 4561 igitur

306 4563 418 4626 hocin
440 4563 545 4627 lucem
567 4565 701 4647 prodeat
723 4566 889 4647 universis,
910 4570 1090 4652 presentem
1111 4563 1248 4628 litteram
1269 4581 1327 4647 pro
1346 4561 1640 4638 demonstratione
