3400 5148
566 392 616 453 Nr.
633 393 778 453 tet-leo.
799 389 875 451 1257.
1317 381 1374 446 'lto

86 549 154 618 sacri
174 549 357 616 monasterii
380 549 419 613 de
440 548 537 613 Porta
557 547 704 610 dedimus
724 545 975 628 indulgenciam,
1001 541 1099 623 quod,
1126 543 1321 624 quicumque
1341 541 1374 604 iu

86 643 287 708 anniversario
309 639 558 705 consecrationis
579 637 708 700 maioris
729 635 863 699 ecclesie
886 632 1020 717 predicti
1042 633 1225 695 monasterii
1240 650 1375 694 necnon

85 731 109 792 in
126 731 229 810 Pasce,
251 729 522 806 Penthecoste,111
545 726 717 790 Nativitate
740 725 840 786 sancti
860 721 1163 806 IohannisBaptiste
1186 721 1270 784 etin
1294 721 1376 783 testo

86 821 237 884 heatomm
255 819 469 903 apostolorum
491 817 576 880 Petri
600 821 631 878 et
653 813 753 892 Pauli,
779 815 810 876 in
834 813 1006 877 Nativitate
1028 811 1147 874 ‹lomini
1170 820 1201 875 et
1222 815 1253 874 in
1277 814 1378 876 omni-

86 911 136 974 bus
156 909 440 994 sollempnitatibus
460 907 551 970 beate
579 913 609 968 et
630 905 766 988 gloriose
789 905 839 966 dei
861 903 1023 986 genitricis
1045 902 1144 966 liar-ie
1166 901 1327 966 humiliter
1348 909 1380 964 et

85 1002 186 1064 devote
209 1001 248 1063 ad
270 1002 371 1084 ipsam
393 997 559 1061 ecclesium
580 995 738 1058 beneficia
765 995 921 1076 petiturus
948 1011 1002 1075 per
1029 997 1099 1054 octo
1123 992 1190 1054 dies
1212 992 1380 1056 accesserit

84 1100 109 1153 et
135 1089 172 1152 ad
199 1089 434 1172 reparaciouem
463 1091 495 1148 et
524 1085 798 1147 constructionem
831 1082 941 1166 prefati
978 1083 1161 1145 monasterii
1186 1083 1253 1145 sive
1279 1083 1379 1144 eciam

85 1181 116 1242 ad
138 1180 241 1242 omnia
262 1197 358 1262 opera
376 1175 561 1238 monasterii
583 1174 726 1236 eiusdem
752 1174 942 1236 elemosinas
966 1193 1039 1235 suas
1061 1171 1191 1254 largiter
1211 1171 1381 1236 contulerit

86 1269 127 1332 vel
147 1269 282 1347 miserit,
309 1287 367 1329 nos
392 1265 431 1328 de
458 1263 675 1326 misericordia
700 1263 797 1326 Ihesu
818 1261 935 1326 Christi
954 1262 1067 1324 contisi
1088 1281 1190 1324 unum
1210 1281 1329 1326 annum
1350 1267 1382 1323 et

87 1359 226 1420 harenam
249 1376 345 1419 unam
368 1355 407 1417 de
428 1354 571 1416 iniuncta
591 1353 650 1414 sibi
671 1353 851 1436 penitencie
871 1352 964 1414 annis
986 1352 1121 1432 siugulis
1140 1353 1173 1422 iu
1196 1357 1382 1434 perpetuum

87 1446 322 1510 misericorditer
354 1445 544 1508 relaxamus.
597 1441 713 1506 Datum
745 1443 778 1504 in
806 1443 901 1504 Porta
933 1460 1016 1503 anno
1054 1441 1173 1503 domini
1210 1450 1383 1515 lic-CLVII‘,

85 1545 120 1599 m
140 1535 291 1600 kalendas
314 1532 517 1618 Septembris

146 1662 158 1689 ²
183 1659 287 1716 Beatus
306 1659 420 1714 Pertech
494 1649 507 1686 ¹³
533 1645 622 1712 sabate
641 1655 670 1710 D
706 1655 747 1710 SS
768 1655 881 1710 Pcrtuch
917 1655 1067 1709 sacristane
1089 1653 1200 1709 Coreeen
1279 1653 1289 1681 ⁰
1318 1655 1384 1708 1267

87 1741 192 1795 Pertuch
211 1739 271 1796 arrd
289 1739 544 1794 Betacb-Schumel

605 1845 857 1855 ffiu—-a

89 1932 188 2016 1257.
215 1933 381 2030 August
408 1931 476 2014 30.
502 1931 665 2012 Plortc.
1298 1929 1385 2010 lte.

161 2068 298 2150 Bischof
322 2069 362 2132 B.
383 2087 442 2131 von
468 2065 593 2130 Hebron
622 2066 788 2140 terendae,
809 2066 884 2130 dass
905 2066 1027 2128 erdem
1048 2065 1111 2129 Ate
1129 2065 1198 2128 aad
1222 2063 1314 2128 Prior
1335 2066 1389 2128 (les

122 2157 261 2222 moseos
290 2159 399 2240 Ptorte
429 2157 480 2220 dic
508 2155 675 2222 Vollmacbt
704 2157 831 2237 gegeben
858 2155 950 2232 tabe,
981 2175 1014 2218 so
1040 2156 1086 2235 oft
1113 2156 1158 2216 sie
1189 2156 1230 2217 im
1261 2153 1389 2236 n'apuet

117 2249 278 2402 pmrp'dlgen,
309 2251 423 2324 dener,
451 2245 560 2310 melche
584 2246 649 2309 sich
670 2247 754 2312 olom
775 2245 947 2325 einfiadm,
972 2248 1016 2307 40
1041 2243 1123 2324 Tage
1143 2244 1258 2307 Attus
1277 2263 1318 2308 aee
1340 2263 1387 2307 er-

228 2453 362 2513 Hdecbr:
381 2453 411 2508 D
430 2458 480 2508 135
502 2455 554 2522 (tit.
571 2451 763 2522 indulgencie)
780 2467 832 2505 aas
849 2451 908 2504 dean
931 2453 967 2505 15.
980 2450 1076 2508 ‘lebria

228 2559 353 2614 Druche:
374 2559 489 2614 Pertuch
507 2560 532 2626 1,
549 2563 611 2617 275.
649 2557 900 2614 Bertnch-Schnmel
920 2555 1020 2623 1,172.
1054 2557 1110 2626 Vqr.
1136 2557 1337 2626 Wozff11,94.

162 2687 327 2750 Universis
353 2687 468 2750 Christi
494 2687 644 2750 fidelibus
672 2693 834 2769 presentes
859 2687 981 2750 litteras
1003 2688 1193 2770 inspecturis
1217 2689 1316 2752 trater
1341 2689 1386 2768 Β.1

84 2778 289 2841 miseracione
319 2777 428 2840 divina
457 2775 588 2840 humilis
619 2777 786 2860 episcopus
807 2777 1011 2848 Ebronensis,
1041 2777 1175 2840 salutem
1202 2778 1234 2840 in
1257 2779 1386 2842 domino

83 2867 313 2948 sempiternam.
355 2865 490 2929 Noverit
509 2867 700 2930 universitas
720 2877 838 2944 vestra,
861 2863 955 2947 quod,
979 2866 1271 2948 quocienscumque
1291 2887 1387 2932 vene-

82 2953 188 3018 rahilis
207 2961 305 3039 peter,
327 2956 475 3018 dominus
494 2955 600 3034 abbas,
621 2961 653 3018 et
674 2957 760 3038 prior
781 2958 861 3018 sacri
882 2955 1067 3018 monasterii
1086 2955 1126 3018 de
1142 2955 1239 3019 Porta
1252 2957 1388 3020 fecerint

82 3061 258 3109 sermonem
282 3045 315 3106 in
337 3045 489 3128 capitulo,
510 3044 657 3108 dedimus
678 3045 725 3107 eis
746 3049 934 3126 potestatem
955 3044 1141 3107 auctoritate
1161 3051 1279 3120 nostra,
1297 3044 1387 3127 quod

83 3131 119 3194 de
148 3134 366 3198 misericordia
397 3133 493 3197 lhesu
520 3133 635 3196 Christi
666 3135 779 3197 confisi
808 3135 885 3197 dent
913 3143 963 3196 XL
995 3133 1119 3196 dierum
1150 3134 1387 3218 indulgenciam

81 3223 241 3304 omnibus,
284 3224 339 3305 qui
376 3223 453 3287 illue
485 3223 598 3286 devote
629 3225 851 3302 convenerint,
892 3224 932 3286 de
959 3222 1103 3285 iniuncta
1128 3223 1174 3286 eis
1199 3225 1387 3306 penitencia.

81 3307 197 3374 Datum
219 3314 252 3375 in
275 3312 372 3376 Porta
394 3332 477 3375 anno
500 3313 618 3376 domiui
640 3322 832 3393 ncttvan
855 3322 895 3375 il]
916 3311 1069 3376 kalendas
1090 3311 1292 3395 Septembris.

148 3425 161 3454 ¹
182 3427 245 3482 laet
267 3425 382 3481 Pertuch
400 3426 459 3480 med
476 3427 730 3482 Retocntetamet

82 3643 192 3729 1257.
218 3646 385 3745 August
410 3647 478 3728 30.
505 3647 668 3731 Ptorte.
1295 3649 1388 3731 loo.

160 3779 300 3864 Biscbos
320 3777 364 3844 B:
391 3801 450 3845 von
479 3779 605 3845 Hebron
632 3779 752 3844 erthec‘lt
782 3783 848 3862 auf
869 3783 920 3844 die
945 3781 1032 3845 Bene
1050 3782 1104 3846 des
1123 3783 1217 3848 Abtes
1237 3781 1390 3848 Heinrich

117 3869 193 3932 rard
221 3869 275 3932 des
304 3869 463 3934 Koncents
493 3889 552 3934 von
582 3870 690 3951 Psorte
719 3869 835 3933 Ablass
864 3869 965 3948 allen,
996 3871 1106 3936 wehlve
1131 3891 1205 3936 eum
1230 3871 1309 3938 Bau
1334 3873 1390 3938 der

118 3957 250 4022 Braiclce
270 3959 316 4022 tei
336 3959 506 4043 Domedorf
520 3957 665 4024 reicttict
686 3957 832 4023 Almceen
850 3959 952 4040 gehen.

234 4092 366 4150 Hdschre
382 4093 413 4150 D
430 4096 503 4151 136¹>
523 4097 576 4164 (tit.
587 4095 780 4166 indulgencie)
797 4111 850 4150 acea
866 4095 925 4150 ἀιω
944 4100 985 4152 16.
998 4097 1094 4152 Jahrh.

241 4199 296 4269 Vql.
321 4199 406 4268 Wolff
419 4201 462 4268 11,
481 4205 523 4256 al.

162 4323 391 4388 ...dedimus
416 4325 670 4410 indulgenciam,
702 4327 801 4408 quod,
831 4325 1025 4408 quicumque
1050 4325 1089 4388 ad
1116 4325 1391 4390 construccionem

80 4414 148 4477 sive
172 4415 411 4498 repmacionem
432 4415 538 4498 pontis
558 4416 650 4478 iuxta
667 4413 844 4479 Domdorii
860 4414 1049 4478 elemosinas
1065 4433 1138 4478 suas
1154 4417 1205 4476 ea.
1226 4413 1390 4494 (Einpang

82 4501 151 4565 and
174 4500 303 4566 Schlass
321 4503 380 4566 wie
401 4503 435 4566 ia
456 4503 511 4567 der
531 4501 693 4568 vorleteten
721 4501 892 4575 Urkunde)

1136 4670 1191 4730 12*
