3410 5146
622 389 672 448 Nr.
684 392 726 448 92.Ὶ
749 393 826 450 luae.
1327 386 1379 442 119

239 556 242 562 ·
271 543 394 601 nara
418 543 745 602 1151111271-
764 543 904 612 suasa
928 541 1002 611 rap.
1028 542 1060 595 a
1084 540 1170 596 aare
1195 539 1378 609 neaerae

271 624 316 680 ue
333 625 475 680 armam
496 623 598 680 uam
616 625 800 690 mana,
818 623 864 678 er.
879 627 920 678 ro.

221 730 333 786 Dnoelr:
352 748 374 788 a.
389 730 558 797 nemaeo,
584 731 638 785 Dia
657 729 881 784 Deataehmeristcr
898 745 943 782 eor
962 731 1032 782 1232
1049 727 1077 786 S.
1092 731 1134 782 32.
1165 726 1276 795 Amnrp
1293 725 1377 780 dem

271 810 330 864 suad
348 809 395 864 der
414 809 584 864 umwandwt
606 809 768 864 Urlnmden:
788 807 936 876 Pertrth,
956 812 1015 862 104.
1042 807 1294 864 amaeamaaao
1303 807 1329 874 Ι,
1342 811 1377 862 66

271 887 331 943 mad
341 889 477 978 'hientoeb
495 888 615 946 Sctmtrr
625 889 672 957 ΙΙ,
692 887 764 944 609.1

155 1015 380 1098 W[inemarusl
426 1017 479 1081 dei
519 1018 621 1100 gratie
660 1015 759 1078 obbas
799 1015 962 1080 Portensis
1005 1013 1154 1077 omnibus
1197 1020 1375 1097 presentem

87 1109 217 1190 paginam
252 1107 444 1191 inspecturis
478 1105 613 1170 salutem
643 1107 678 1168 in
706 1105 843 1168 domino.
891 1105 970 1169 (lum
998 1105 1058 1167 viri
1089 1104 1228 1188 religiosi
1257 1121 1377 1185 rogare,

88 1216 137 1280 que
174 1198 212 1260 ad
247 1216 358 1280 paoem
395 1205 484 1276 sunt,
517 1197 696 1280 specialiter
726 1197 969 1274 admoneantur,
1000 1213 1094 1258 nosse
1126 1195 1276 1258 volumus
1306 1194 1378 1256 uni·

88 1307 181 1351 uersos
199 1307 256 1370 pro
279 1287 362 1350 bono
384 1287 472 1368 pacis
493 1293 524 1348 et
544 1285 716 1366 concordie
736 1303 832 1368 super
852 1283 962 1368 predio
982 1283 1016 1345 in
1037 1283 1227 1346 Borsindori
1243 1283 1377 1346 hatnrrn

87 1377 234 1459 hospitalis
271 1380 382 1457 sancte,
412 1375 514 1456 Maris
543 1375 803 1454 Teutonicorum,
839 1375 1004 1438 occasione
1038 1374 1131 1436 ouius
1161 1374 1378 1437 controversia

86 1474 111 1529 et
136 1485 228 1548 grave
260 1465 445 1528 scandalum
478 1466 562 1528 inter
591 1464 758 1546 ecclesiam
787 1469 925 1526 nostram
953 1469 984 1527 et
1009 1465 1095 1546 ipsos
1121 1463 1182 1526 tuit
1202 1461 1378 1540 subortum,

87 1563 114 1616 ut
136 1557 235 1619 omnis
263 1555 471 1618 dissensionis
495 1555 529 1618 in
558 1559 719 1638 posterum
748 1558 966 1635 amputaretur
991 1553 1124 1617 materia
1150 1557 1182 1618 et
1208 1552 1377 1616 hincinde

86 1646 170 1725 qrrioti
203 1645 478 1728 contemplationis
511 1646 580 1708 sine
614 1639 841 1728 impedimento
873 1650 904 1707 et
937 1643 1049 1706 salutis
1076 1651 1182 1706 nostre
1211 1643 1378 1725 dispendio

86 1735 226 1798 sincerius
263 1753 378 1797 vacare
422 1753 601 1818 possemus,
640 1731 854 1797 mediantibus
886 1734 964 1796 viris
1004 1732 1159 1807 diseretis
1197 1730 1376 1813 H[einricol

85 1823 244 1888 venerabili
285 1824 458 1906 preposito,
500 1823 642 1887 Iohanne
683 1825 836 1886 canonico
877 1827 910 1886 et
942 1823 1084 1886 Iohanne
1123 1821 1224 1886 milite
1259 1821 1378 1886 Merse-

87 1911 294 1997 burgensibus,
309 1913 546 1976 cumfratribus
566 1912 709 1995 predicte
729 1911 1010 1995 domusPhylippo
1031 1913 1065 1974 in
1077 1911 1181 1976 Hallis
1201 1911 1379 1975 etlrrdono

84 2003 111 2064 in
130 2003 303 2067 Aldinburc
324 2009 356 2066 et
377 2002 565 2066 Borsindori
584 2003 818 2086 provisoribus,
838 2019 1025 2086 expressum
1045 2003 1245 2080 mandatum,
1264 2001 1377 2065 volun-

85 2099 168 2156 tatem
207 2100 239 2158 et
279 2094 499 2158 auctoritatem
534 2093 640 2155 fratris
668 2089 870 2174 H[ermanni]
906 2092 990 2156 Ottir
1018 2093 1212 2176 preceptoris
1239 2093 1273 2154 in
1302 2091 1379 2155 Ale-

86 2185 202 2245 mannis
228 2201 325 2266 super
350 2184 410 2247 hoc
439 2183 619 2266 specialiter
645 2182 738 2246 nobis
758 2181 998 2259 exhibentibus,
1018 2201 1078 2246 nos
1098 2201 1173 2246 oum
1194 2182 1327 2246 consilio
1347 2187 1379 2245 et

86 2271 251 2336 voluntate
277 2273 374 2334 totins
418 2271 595 2336 conventus
630 2272 732 2335 nostrl
772 2272 877 2336 taliter
912 2273 1114 2348 convenisse,
1151 2272 1237 2353 quod
1277 2276 1378 2334 totum

85 2361 216 2442 predium
245 2363 280 2424 in
304 2361 492 2424 Borsindori
520 2361 558 2423 ad
585 2361 760 2443 predictam
781 2361 911 2424 domum
933 2367 1078 2445 spectans
1101 2381 1173 2426 eum
1195 2362 1291 2440 areis,
1312 2361 1379 2424 edi-

84 2451 167 2529 ficiis,
197 2453 294 2535 egris,
327 2452 443 2528 vineis,
475 2451 579 2528 silvis,
609 2449 740 2529 salictis,
775 2452 917 2534 pascuis,
953 2451 1109 2535 piscariis,
1143 2469 1298 2532 aquarum
1324 2450 1379 2514 de·

83 2541 231 2620 cursibus,
263 2539 439 2621 montibus,
464 2537 609 2603 ‘collibus
642 2545 674 2604 et
705 2540 857 2620 vallibus,
888 2541 948 2604 viis
980 2546 1012 2606 et
1039 2541 1137 2604 iuriis
1166 2539 1378 2622 omnibusque

84 2631 140 2692 suis
177 2629 376 2714 pertinentiis
410 2634 535 2692 unum
569 2629 689 2694 ibidem
726 2630 809 2708 silis,
845 2631 988 2713 exceptis
1020 2629 1170 2694 omnIbus
1196 2630 1317 2694 mansis
1348 2635 1380 2693 et

84 2717 248 2783 redditibus
275 2725 367 2782 extm
395 2720 547 2782 terminos
571 2719 704 2802 predicti
730 2718 831 2802 predii
856 2717 932 2784 alibi
958 2720 1043 2798 sitis,
1070 2739 1151 2801 quos
1179 2718 1291 2782 usibus
1312 2719 1379 2781 suis

84 2826 221 2890 expresse
257 2809 470 2886 retinuenrut,
505 2827 578 2872 cum
617 2810 703 2872 omni
739 2809 808 2872 iure
843 2814 874 2872 et
913 2809 1071 2887 libertate,
1106 2829 1170 2890 qua
1200 2807 1377 2891 predictum

84 2899 216 2976 predium
251 2898 366 2962 domus
396 2900 538 2980 ipsorum
569 2899 765 2982 possidebat,
798 2900 989 2963 monasterio
1019 2905 1128 2962 nostro
1160 2899 1199 2962 de
1230 2897 1379 2960 manibus

85 2988 285 3068 predictorum
310 2989 444 3052 fratrum
469 2990 577 3073 precio
604 2990 850 3071 quingentarum
872 2997 904 3052 et
921 2991 997 3052 xxi
1018 3007 1197 3052 marcarum
1216 3005 1379 3069 compara-

85 3077 178 3141 rimus
203 3078 263 3142 sub
294 3097 332 3142 ea
350 3077 468 3154 forma,
491 3079 575 3160 quod
595 3079 721 3142 cuidam
743 3077 844 3142 nobili
864 3084 1010 3159 matrone
1031 3076 1129 3159 [Iutte
1149 3075 1214 3158 del·
1234 3075 1379 3140 Wilden-

86 3166 145 3228 uels
167 3167 301 3251 singulis
328 3169 421 3230 annis
447 3174 520 3231 ante
547 3173 751 3252 pentecosten
777 3178 818 3232 IX
846 3187 970 3231 marcas
997 3168 1120 3251 argenti
1140 3168 1174 3229 in
1195 3167 1291 3230 domo
1312 3185 1378 3237 sue,

85 3255 265 3338 ubicumque
286 3257 398 3335 fuerit,
419 3257 458 3320 ad
480 3257 549 3320 dies
561 3257 626 3338 vite
646 3275 705 3339 sue
726 3257 959 3340 persolvamus,
980 3257 1025 3319 iia
1046 3256 1131 3338 quod
1151 3261 1224 3340 post
1244 3260 1377 3318 mortem

84 3344 213 3410 ciusdem
252 3365 335 3409 onus
373 3346 516 3429 predicte
551 3346 718 3410 solutionis
746 3348 967 3430 extinguatur,
1009 3351 1043 3410 et
1070 3350 1214 3430 preterea
1242 3345 1377 3408 Iohanni

84 3435 225 3500 canonico
246 3428 503 3518 Mersebmgensi
529 3436 605 3499 boni
634 3437 701 3500 vini
729 3441 884 3500 carratam
911 3441 1018 3522 preter
1044 3435 1151 3514 aliam,
1182 3454 1278 3517 quam
1304 3439 1377 3498 ante

85 3522 117 3585 de
141 3544 235 3588 manu
262 3532 371 3589 nostra
391 3524 542 3604 habebat,
567 3525 680 3590 diebus
701 3528 767 3608 rite
794 3533 867 3608 sue,
887 3527 921 3588 iu
943 3543 1147 3608 quocumque
1169 3531 1253 3588 statu
1272 3524 1378 3610 fuerit,

84 3613 298 3692 persolvamus.
344 3615 480 3698 Insuper
521 3633 602 3678 onus
636 3615 850 3698 predictorum
889 3617 1022 3679 fratrum
1054 3615 1093 3679 de
1124 3613 1308 3679 ordinandiS
1344 3613 1377 3675 in

84 3702 185 3768 eadem
222 3703 362 3786 eeclesia
389 3704 521 3784 divinis,
553 3705 702 3770 videlicet
731 3705 764 3768 in
791 3707 972 3788 provisione
1003 3705 1142 3770 duorum
1168 3703 1378 3781 sacerdotum,

85 3791 171 3856 unius
210 3794 336 3857 diaconi
371 3799 403 3857 et
441 3795 537 3856 unius
569 3793 769 3863 subdiaconi,
805 3815 901 3878 super
935 3795 1052 3877 quibus
1082 3794 1202 3859 ibidem
1232 3793 1380 3856 tenendis

84 3879 203 3946 domino
229 3883 466 3966 archiepiscopo
487 3882 674 3966 Magantino
702 3889 733 3948 et
754 3884 939 3949 Eriordensi
966 3885 1105 3969 capitulo
1125 3883 1223 3947 irater
1244 3883 1284 3947 H.
1297 3882 1380 3947 Ottir

84 3987 112 4033 sc
135 3974 340 4052 astrinxerat,
366 3974 399 4035 in
421 3991 478 4036 nos
500 3974 706 4058 suscepimus.
748 3973 851 4056 Super
871 3993 909 4038 co
929 3980 1050 4048 autem,
1073 3974 1157 4056 quod
1174 3975 1260 4038 idem
1280 3973 1381 4036 irater

84 4057 117 4121 Η.
137 4063 370 4146 archiepiscopo
399 4067 431 4126 et
455 4062 593 4146 capitulo
622 4063 763 4146 predicto
791 4064 830 4127 de
851 4083 915 4127 non
938 4062 1116 4128 alienandis
1137 4063 1257 4126 eisdem
1277 4061 1378 4140 bonis,

85 4151 132 4212 sed
159 4151 191 4214 in
218 4171 275 4216 sua
306 4151 409 4215 forma
439 4153 547 4216 domui
573 4172 632 4235 sue
653 4153 828 4216 retinendis
849 4173 882 4217 se
906 4153 1071 4236 obligarit,
1091 4152 1196 4216 taliter
1216 4153 1300 4216 inter
1320 4171 1379 4214 nos

84 4243 229 4319 convenit,
242 4242 393 4323 quatinus
411 4261 469 4305 nos
487 4262 560 4306 curn
579 4243 625 4306 eis
645 4242 730 4325 apud
749 4242 914 4306 dominum
935 4243 1074 4325 legatum
1097 4241 1309 4306 communiter
1330 4241 1379 4303 in-

85 4337 208 4410 stemus,
223 4337 259 4394 ut
267 4351 399 4415 precum
412 4351 542 4395 suarum
553 4333 705 4395 instantia
715 4332 866 4395 iratribus
884 4331 923 4394 ab
939 4331 1175 4415 archiepiscopo
1193 4335 1226 4394 et
1240 4329 1378 4413 capitulo

86 4419 215 4495 predicta
225 4420 387 4485 relaxetur
403 4421 553 4505 obligatio
569 4422 636 4496 vel,
652 4423 678 4485 si
698 4424 758 4485 hoc
769 4421 892 4504 legatus
908 4421 1050 4485 obtinere
1062 4440 1127 4485 non
1139 4421 1289 4499 veluerit,
1311 4421 1378 4504 ipse

87 4525 190 4592 magno
224 4511 307 4574 bono
327 4512 415 4595 pacis
443 4519 475 4575 et
503 4512 674 4592 concordie
701 4517 733 4574 et
762 4511 897 4574 utilitate
918 4510 1085 4592 utriusque
1106 4511 1219 4574 domus
1239 4517 1379 4594 pensata,

86 4601 239 4676 presertim
267 4620 338 4664 oum
374 4602 444 4686 ipso
476 4601 663 4686 disponente
694 4618 746 4665 res
777 4601 817 4665 ad
845 4601 932 4665 hrmc
958 4606 1075 4665 statum
1104 4601 1284 4679 devenerit,
1307 4619 1379 4684 pre·
