3410 5146
596 381 622 436 N
626 399 645 440 r.
656 385 767 440 ort-el.
790 385 866 440 1208.
1346 387 1380 440 87

88 537 263 606 deteriorate,
289 529 372 594 sicut
396 551 438 594 es
467 531 635 596 donatione
663 533 782 598 domini
813 538 912 600 nostri
933 538 1016 602 insto
1038 539 1141 618 tytulo
1163 537 1381 622 possederunt,

87 619 225 703 deinceps
246 621 351 701 quiete
374 622 548 704 percipiant
573 629 605 685 et
625 641 663 684 ea
689 621 788 688 libere
809 625 1028 707 pertruantur,
1050 625 1202 690 Heinrico
1225 625 1381 690 decimam

87 729 154 774 nore
178 711 272 773 vinee
298 711 330 772 in
360 711 444 794 agris
465 710 559 774 cultis
581 709 739 794 plantateb
765 719 797 776 et
818 715 960 778 omnium
980 722 1194 796 proventuum
1216 715 1323 778 allodii
1347 715 1380 776 in

86 799 209 882 (letarde
226 801 318 862 annis
336 801 471 883 singulis
487 799 712 883 persolventes.
753 802 896 866 Totidem
920 805 1014 868 etiam
1036 805 1154 888 pullos,
1185 805 1270 888 quod
1292 824 1381 868 areas

85 890 140 971 ipsa
167 889 243 952 rilla
275 890 364 972 prins
396 889 546 967 habebat,
575 909 681 954 annua
709 893 861 974 pensione
889 893 1086 976 persolvent,
1116 897 1216 979 ipsius
1244 894 1381 958 decima-

84 989 187 1046 torem.
216 981 270 1061 quai
292 981 414 1044 iuratus
436 979 609 1062 predictam
628 979 783 1044 decimam
806 981 997 1064 colligatio
1022 985 1178 1065 pacientia
1200 983 1382 1047 tollerantes

84 1078 108 1130 et
136 1069 172 1132 in
206 1069 296 1132 cruia
322 1069 383 1132 sibi
408 1069 514 1132 locum
544 1069 584 1132 ad
611 1069 827 1152 reponendam
854 1071 1010 1134 decimam
1038 1074 1250 1155 assignantes,
1278 1080 1310 1136 ct
1336 1073 1382 1136 sic

82 1160 177 1220 «inritis
206 1160 435 1229 controversia.
461 1178 522 1239 que
549 1159 631 1222 inter
658 1179 712 1222 oos
737 1158 845 1224 habita
865 1161 938 1230 fuit.
959 1162 1173 1227 mediantibus
1195 1163 1286 1225 nobis
1306 1181 1382 1226 con-

82 1249 211 1312 corditer
241 1258 288 1312 cst
321 1249 429 1331 sopita
478 1249 560 1314 Sanc
587 1249 646 1310 hoc
674 1249 769 1312 etiam
795 1250 978 1314 addendum
1008 1271 1077 1316 csse
1105 1251 1320 1328 decrevimus,
1346 1255 1382 1313 ut

81 1339 250 1402 secundum
278 1338 442 1420 privilegia
462 1337 500 1400 ab
519 1337 700 1420 apostolicis
717 1337 862 1423 pluribus
878 1340 981 1404 ordini
998 1360 1108 1404 corum
1125 1339 1263 1417 indulta,
1286 1359 1380 1421 quas·
1482 1390 1484 1394 .

81 1447 210 1510 eumque
241 1429 274 1490 in
308 1427 475 1490 novalibus
502 1429 568 1490 suis
590 1428 699 1499 vineas
727 1427 807 1491 inibi
840 1428 1068 1512 plantaverint,
1097 1429 1217 1510 absque
1245 1423 1381 1492 alicuius

80 1518 323 1582 contradictione
351 1518 396 1580 cis
422 1523 629 1599 permaneant
655 1515 783 1582 illibate.
824 1518 930 1584 Hune
957 1519 1001 1584 rei
1031 1525 1126 1584 testes
1157 1527 1231 1582 sunt
1254 1517 1381 1582 creaioris

81 1607 206 1672 ecclesie
242 1615 361 1682 nostre¹
377 1607 522 1669 canonici
555 1605 752 1671 Wernlrerus
780 1609 973 1691 prepositus,
998 1609 1204 1674 Burcharelns
1231 1607 1380 1686 decanus

83 1696 252 1762 l'ridcricus
281 1697 501 1773 vicedomnus,
526 1695 693 1760 Almams‘·
716 1698 815 1762 sancti
841 1697 929 1762 Pauli
954 1698 1146 1784 prepositus,
1174 1697 1380 1761 lleinbardns

79 1787 340 1867 archidyaconus
369 1785 541 1848 Heinricus
568 1786 606 1848 dc
636 1785 891 1870 (lirinadisbnrg,
920 1787 1099 1852 Fridericus
1129 1787 1167 1850 dc
1197 1787 1379 1850 Eilwardis-

79 1876 150 1960 dorp
170 1876 315 1953 abbates,
338 1874 483 1940 Lrtollus
496 1873 789 1940 Caldcnburnensis
812 1877 1004 1960 prepositus,
1036 1877 1179 1942 eiusdem
1200 1875 1263 1940 loci
1284 1877 1380 1959 prior,

80 1966 113 2028 de
140 1966 362 2046 sangerhnsen
396 1965 494 2047 prior,
529 1963 699 2030 Alnericns
729 1966 768 2030 do
795 1967 936 2050 Stigelia,
971 1967 1134 2048 Nycolaus
1165 1965 1313 2030 sacerdos
1339 1967 1378 2030 de

81 2055 234 2130 l'oltbem,
264 2055 433 2119 earn-adds
459 2054 497 2117 dc
521 2052 701 2130 Vrobnrelr,
728 2053 902 2119 Reincldus
933 2064 1041 2120 sancto
1070 2055 1169 2120 blarie
1196 2055 1378 2133 callenicus

81 2145 244 2210 Heinricns
275 2143 437 2222 sacerdos,
465 2143 656 2207 Wilhclnnis
684 2144 839 2226 capellani
862 2146 976 2220 trosti-ir
1008 2145 1090 2226 layci
1114 2165 1189 2208 vero
1209 2145 1379 2208 Gonwinus

80 2233 113 2298 de
140 2235 378 2316 Sangerlrnsen,
407 2232 612 2296 Gertbelridus
640 2233 679 2296 dc
706 2234 889 2310 batterlicn,
921 2233 1050 2298 Vlrious
1072 2234 1210 2314 Cnnvel,
1238 2233 1379 2298 Heiden-

81 2325 157 2386 ricns
190 2325 229 2388 dc
268 2323 445 2400 Ormnnde,
481 2322 690 2386 ldeiiolrardns
723 2323 761 2386 de
796 2321 960 2406 Dieringe,
993 2323 1198 2388 Hermannus
1235 2321 1378 2402 l'crlriln,

81 2413 234 2478 rlrnoldns
254 2413 294 2478 de
310 2411 537 2498 Querenuorde
563 2417 595 2476 ct
615 2413 667 2476 alii
692 2432 787 2492 quam
810 2412 926 2496 plures.
958 2415 1039 2478 Acta
1056 2419 1131 2476 stent
1147 2414 1205 2477 hcc
1219 2413 1377 2477 dominice

80 2503 305 2566 incarnacionis
326 2521 409 2566 anno
432 2511 618 2573 ll⁰etl⁰t³tll⁸2
641 2501 813 2564 indictione
835 2511 902 2580 xv,
931 2521 1015 2565 anno
1042 2502 1250 2565 ordinationis
1272 2508 1378 2566 nostre

82 2601 152 2656 l'110.
205 2593 253 2658 Ne
288 2613 363 2674 ergo
394 2611 490 2674 snper·
517 2589 575 2654 lrac
604 2589 802 2654 ordinatione
836 2597 944 2654 instra
974 2590 1124 2672 aliquod‘¹
1153 2593 1184 2654 in
1209 2585 1377 2675 'postorum

79 2683 255 2766 arnbignunr
288 2683 456 2760 habeatur,
485 2681 547 2744 diro
581 2681 745 2764 privilegia
771 2681 847 2743 inde
873 2682 1051 2766 conscripta
1077 2681 1172 2762 sigilli
1199 2683 1299 2746 nostri
1329 2683 1377 2744 in-

80 2775 233 2852 pressione
263 2775 398 2838 fecimus
423 2773 583 2855 insigniri,
613 2791 713 2834 animi
735 2771 886 2834 fratribus
912 2771 950 2834 de
974 2771 1083 2849 Porta,
1111 2772 1197 2860 alind
1224 2772 1376 2836 Heinrico

79 2883 144 2946 ¹sepe
173 2865 257 2927 dicto
282 2863 321 2926 ad
345 2864 389 2926 rei
410 2862 602 2926 evidentiam
625 2867 792 2942 erogantes
813 2861 1018 2942 districtoque
1040 2861 1099 2924 snb
1119 2861 1376 2926 interminatione

79 2954 281 3017 anamematis
307 2951 501 3029 inhibentes,
526 2971 566 3014 ne
599 2951 670 3032 qnis
695 2951 768 3014 ltine
798 2951 872 3014 inde
892 2957 1001 3014 contra
1024 2952 1230 3034 prescriptam
1251 2951 1377 3014 ordina-

79 3045 190 3108 tionem
212 3061 414 3126 quacumqne
437 3042 672 3126 presumptione
695 3041 802 3104 venire
825 3048 993 3124 presumat.
1030 3039 1146 3104 Datum
1169 3060 1377 3122 permenam

77 3130 254 3196 Theoderici
280 3132 403 3196 notarii.

141 3247 361 3302 'Arucheirread
377 3265 429 3300 ares
446 3247 621 3301 donationem
642 3246 781 3314 borripiert
839 3237 995 3316 '’plantere
1052 3243 1233 3330 ⁰Almnnrns
1287 3237 1375 3314 “alib

145 3371 151 3408 ¹
172 3371 209 3425 Ia
226 3371 272 3425 der
296 3371 359 3426 b'rk.
379 3370 405 3424 d.
423 3370 513 3424 Biscb.
534 3368 675 3422 lliedrach
697 3386 745 3421 eon
760 3367 932 3422 Holbcrstudl
950 3385 970 3421 a.
990 3368 1015 3422 J.
1032 3371 1105 3426 1216.
1122 3368 1180 3424 ode.
1197 3371 1230 3420 te
1248 3367 1327 3420 desiset
1345 3384 1374 3422 et·

79 3449 224 3506 Heinricus
254 3450 288 3506 dc
312 3447 524 3516 Suthirshusen‚
551 3449 610 3500 aad
638 3448 707 3502 recrcle
730 3447 781 3501 Nr.
800 3451 833 3501 do·
859 3448 931 3500 liade
950 3447 1081 3502 Heinrich
1113 3464 1161 3500 roa
1180 3447 1296 3514 Crarnpo
1322 3447 1375 3500 den

78 3531 191 3584 &haten
211 3549 258 3584 roa
276 3531 358 3584 Cuno
375 3529 453 3582 miles
472 3529 500 3582 in
520 3527 702 3582 Sutterhusen
721 3545 756 3582 aa
775 3527 865 3581 laben
880 3527 981 3596 pdeabt.
1054 3525 1067 3566 ²
1092 3526 1147 3596 Vpl.
1167 3527 1219 3582 Nr,
1231 3527 1271 3581 21.

78 3713 186 3795 teos.
529 3745 531 3750 ’
600 3667 663 3672 --
1162 3743 1165 3750 ·
1306 3711 1372 3794 et.

152 3849 503 3931 Loudprod'llemaona
524 3869 582 3913 vore
600 3847 782 3928 Tdiirinpcn
802 3847 962 3924 beriade,
985 3847 1060 3910 does
1081 3847 1135 3910 der
1151 3845 1375 3926 Ncuraburper

112 3937 265 4004 Douma
276 3940 408 4004 Gerlach
430 3959 488 4002 vore
511 3937 716 4018 Helorunycu
738 3939 821 4000 rrebsd
843 3937 973 4020 Bmder
993 3937 1061 4000 urrd
1080 3937 1155 4000 croci
1176 3935 1291 4017 Ncffen
1307 3937 1375 4000 άεηι

111 4027 239 4092 Klostcr·
261 4027 368 4109 Pd'orte
392 4033 486 4092 otiores
513 4028 597 4092 rnebr
625 4027 673 4090 ads
701 4031 741 4092 10
762 4026 873 4107 Ileosca
902 4027 937 4090 ire
967 4025 1068 4090 Velare
1098 4027 1262 4108 iiberpcbcn
1288 4027 1373 4102 habe,

113 4118 179 4182 ared
202 4117 319 4181 ertlrcn'll
339 4119 395 4182 der
416 4117 601 4199 &beokerie
623 4117 706 4180 scine
727 4116 942 4196 catapano.
1131 4142 1134 4148 ¹

227 4251 354 4310 Hdecdrs
371 4251 401 4306 D
414 4257 449 4306 35
466 4253 518 4319 (tie.
532 4251 607 4320 Ver).
639 4251 732 4310 Teos.

225 4355 346 4492 Dmsckhea'
366 4357 543 4492 gorIsaen336.
567 4356 704 4412 Dcutscb:
722 4355 904 4424 disceptem.
930 4353 984 4424 Vqr.
1005 4353 1153 4422 Pertuclal,
1167 4358 1224 4410 101.
1244 4355 1374 4410 Bertttcli·

343 4454 367 4490 m
428 4477 435 4500 ‚
453 4441 496 4492 65.

152 4562 188 4626 ln
220 4563 343 4626 nonnae
371 4565 478 4625 sancte
505 4569 537 4626 ct
561 4559 725 4624 individue
752 4559 908 4624 trinitatis.
956 4557 1161 4622 Hermannns
1192 4556 1244 4620 dei
1274 4559 1375 4650 gratia
