3402 5152
277 443 328 498 442
656 436 886 494 Urlrundenbuch
904 434 953 490 des
971 433 1096 489 Klosters
1116 431 1218 487 Piorte.

276 597 408 678 insuper
433 613 472 657 ex
502 593 717 655 habundantib
744 590 866 653 caritela
892 607 986 652 suum
1010 587 1147 669 sigillum
1172 585 1210 648 ad
1233 589 1356 647 nostras
1378 599 1486 666 preces
1506 580 1572 642 huic

278 688 391 769 scripto
424 685 516 747 duxit
547 703 587 746 ex
619 688 704 745 certa
734 681 865 744 scientia
896 678 1135 762 apponendum,
1166 683 1197 738 et
1225 694 1283 736 nos
1303 675 1337 735 in
1361 671 1570 735 testimonium

278 779 420 840 omnium
451 776 676 856 premissorum
707 777 849 834 nostrum
880 769 1018 850 sigillum
1047 766 1256 850 appendimus
1278 764 1353 826 huic
1374 763 1498 844 scripto.
1538 760 1573 824 Et

279 888 337 930 nos
367 865 522 928 Ludolius
554 863 713 947 predictus
746 862 784 924 de
814 860 969 922 Alrestote
999 858 1255 939 recognoscimus
1289 855 1396 916 omnia
1427 855 1574 935 premissa

278 959 440 1020 veritatem
464 955 646 1037 plenissime
667 954 843 1028 continere,
874 952 906 1012 iu
937 970 1072 1032 quorum
1100 947 1289 1010 evidentiam
1319 949 1464 1006 nostrum
1487 945 1573 1006 etiam

279 1047 419 1129 sigillum
430 1047 545 1129 apponi
557 1045 710 1106 iussimus
725 1043 799 1104 huic
814 1043 937 1124 scripto.
970 1040 1088 1104 Datum
1099 1058 1182 1101 anno
1194 1036 1314 1100 domini
1329 1045 1375 1098 It⁰
1385 1044 1467 1099 000⁰
1478 1045 1575 1104 XIIII.

279 1149 346 1201 VIII
379 1136 453 1199 idus
484 1135 655 1198 Februarii.
706 1131 814 1194 Testes
844 1133 941 1194 huius
972 1136 1048 1194 sunt
1084 1130 1181 1191 frater
1213 1125 1377 1188 Conradus
1407 1124 1511 1186 dictus
1542 1125 1576 1187 de

278 1226 415 1308 Heysler
446 1225 592 1308 supprior
619 1230 650 1286 et
675 1222 850 1285 monachus
879 1223 910 1284 in
941 1219 1051 1297 Porta,
1081 1219 1177 1280 frater
1198 1215 1388 1278 Heinricus⁶
1413 1216 1518 1276 dictus
1541 1214 1576 1275 de

279 1315 468 1379 Kotneleben
493 1319 593 1376 rector
614 1315 646 1375 in
669 1312 842 1386 Gernstete‚
862 1311 956 1373 frater
977 1309 1081 1372 Busso
1103 1308 1207 1370 dictus
1228 1307 1266 1370 de
1285 1305 1466 1383 Owerstete,
1487 1304 1575 1367 frater

279 1407 484 1470 Hermannus
507 1406 611 1467 dictus
629 1403 747 1482 Troyso
768 1402 913 1463 conversi
934 1399 1061 1462 ibidem.

349 1538 588 1609 *generandarum
659 1527 843 1590 habundanti
915 1533 925 1558 ⁰
946 1531 1072 1586 Heincus

808 1695 1060 1706 --..—-——-

281 1751 391 1831 1318.
418 1749 526 1831 duni
545 1751 579 1829 1.
622 1735 624 1738 ⁵
1498 1745 1580 1824 477.

362 1883 432 1947 Dos
463 1883 588 1946 Klostcr
621 1881 792 1946 Mernlcbcn
830 1880 929 1960 ripaei
968 1879 1036 1941 dem
1066 1877 1192 1940 Kloster
1227 1877 1333 1959 Pfortc
1364 1879 1517 1960 2Hcsen
1548 1881 1581 1940 in

323 1975 513 2038 l'unschrcac
543 1994 597 2048 cu,
639 1971 747 2034 welche
784 1971 835 2034 dic
865 1969 995 2032 Briider
1031 1968 1194 2031 Friedrich
1230 1969 1299 2031 urici
1334 1967 1487 2033 Heinrich
1524 1991 1582 2033 con

325 2064 478 2128 Plcismcr
506 2084 548 2127 cc
577 2063 682 2126 cherc
707 2059 913 2142 carantena
939 2059 1020 2122 necle
1046 2059 1115 2122 dein
1142 2058 1290 2140 Vcrkocf
1312 2079 1356 2122 cn
1385 2059 1493 2140 Psorte
1521 2061 1583 2124 ilinc

321 2154 521 2236 ausyclcssen
542 2147 653 2217 habco.¹

433 2280 564 2334 Hdsclm
596 2279 727 2346 (ΗΜ,
757 2277 831 2330 Zaccr'
847 2277 902 2346 Sp„
929 2279 955 2342 1)
975 2275 1021 2328 der
1040 2276 1164 2343 Ibopatcc
1190 2277 1238 2329 mit
1255 2277 1302 2330 der
1325 2277 1471 2344 llnrsclirilt
1499 2281 1586 2346 (mcd-

480 2360 594 2427 rer'lriyy):
618 2359 646 2412 S.
667 2357 860 2414 BERTOLDI
882 2399 888 2412 .
907 2356 961 2410 DE
982 2396 987 2408 .
1007 2355 1233 2410 STERNBERC
1253 2400 1259 2410 .
1279 2356 1329 2411 PR
1411 2357 1485 2412 SlTl
1513 2359 1555 2412 IN
1579 2405 1585 2414 .

481 2439 752 2504 MEMELEIBEN,
770 2442 799 2498 2)
818 2439 864 2492 dcc
883 2438 1018 2490 Klocters:
1037 2436 1056 2490 S
1077 2436 1146 2490 SCE
1165 2455 1171 2490 ε
1191 2437 1373 2492 IIAR1E21
1390 2456 1396 2490 :
1413 2438 1542 2492 IIIIIEL
1563 2482 1588 2494 ..

481 2519 556 2574 BEN
577 2540 583 2572 x
604 2519 701 2574 ΟΤΓΟ
721 2538 727 2570 :
748 2517 943 2574 IPERATOR
978 2517 1101 2572 Drcsden
1120 2517 1156 2572 H.
1169 2517 1207 2572 St.
1218 2519 1253 2573 A.
1273 2518 1326 2572 Nr.
1335 2522 1414 2574 2134.
1437 2551 1464 2558 -
1485 2519 1515 2572 D
1534 2525 1590 2574 119

482 2599 762 2667 (tit.Buntscherow).
793 2600 818 2653 Τ
825 2590 888 2654 85b.

433 2693 544 2750 Druck:
562 2693 697 2748 Detinet.-
721 2691 806 2760 Wolff
820 2693 863 2760 ΙΙ,
881 2697 942 2748 372.

362 2817 400 2880 Iu
423 2818 552 2878 nominc
573 2816 701 2879 domini.
734 2817 845 2879 Amen.
888 2815 953 2878 Nos
984 2816 1152 2880 Bertoldus
1183 2817 1233 2879 dei
1265 2817 1371 2898 gracia
1401 2819 1594 2901 prepositus,
1699 2879 1700 2882 ,

282 2907 428 2971 Lutolfus
461 2908 600 2971 decanus
630 2911 795 2990 totumque
823 2907 991 2990 collegium
1023 2907 1146 2970 cenobii
1178 2907 1210 2968 in
1241 2905 1459 2986 ldemeleybon
1487 2915 1595 2974 sancti
1699 2897 1700 2908 ἵ

284 2998 445 3061 Benedicti
478 2997 734 3078 Maguntinensis
762 2998 906 3078 dyocesis
939 2998 1096 3061 universis
1122 2995 1237 3060 Christi
1272 2996 1421 3061 fidelibus
1455 3000 1487 3060 in
1523 3019 1597 3082 per-
1699 2974 1700 3002 ¹

283 3095 423 3172 potuum.
466 3089 623 3163 Quoniam
645 3107 695 3168 ca,
718 3108 780 3170 que
800 3093 957 3169 geruntur
977 3089 1009 3150 in
1031 3093 1183 3171 tempore,
1204 3087 1300 3151 simul
1322 3087 1493 3152 elabuntur
1515 3111 1595 3154 cum

284 3185 431 3262 temporo,
453 3180 514 3242 nisi
530 3179 710 3241 testimonio
725 3179 898 3242 litterarum
916 3178 955 3240 ad
975 3179 1157 3241 futurorum
1179 3181 1326 3241 notIciam
1349 3179 1598 3255 transferantur,

285 3271 359 3332 hinc
380 3273 435 3346 est,
456 3269 540 3350 quod
561 3273 626 3330 tam
648 3268 847 3350 presentibus
868 3289 963 3351 quam
977 3270 1095 3331 futuris
1111 3269 1248 3352 presenti
1264 3271 1378 3351 scripto
1393 3271 1599 3334 innotescere

286 3362 447 3442 cupimus,
478 3359 561 3440 quod
591 3359 719 3421 domino
747 3357 852 3421 abbati
880 3359 1001 3442 totique
1029 3361 1201 3422 conventui
1223 3360 1406 3422 monasten'i
1429 3359 1599 3424 Porteusis

286 3450 512 3530 Cystercieusis
533 3448 667 3526 ordinis,
694 3447 958 3530 Nuenburgensis
980 3449 1138 3529 dyocesis,
1165 3450 1311 3514 dedimus
1338 3457 1369 3513 et
1389 3451 1599 3532 presentibus

285 3541 398 3603 damus
428 3540 646 3622 proprietatem
674 3539 810 3602 duorum
837 3559 1021 3602 mansorum
1050 3541 1183 3603 sitorum
1211 3542 1243 3602 in
1273 3560 1353 3623 pago
1377 3541 1450 3604 ville
1469 3541 1600 3604 Buntz·

285 3630 443 3694 acheronte
474 3629 632 3692 solventes
659 3629 795 3708 singulis
821 3630 915 3691 annis
936 3635 1072 3711 quatuor
1093 3631 1214 3694 maldra
1235 3631 1390 3710 hyemalis
1413 3651 1546 3694 annone
1567 3639 1600 3693 et

285 3725 421 3802 quattror
442 3718 563 3780 maldra
583 3738 691 3796 arcuo,
713 3719 878 3781 duodecim
902 3719 1006 3803 pullos
1024 3725 1055 3782 et
1076 3739 1132 3782 sex
1153 3740 1258 3799 aucas,
1283 3739 1422 3802 quorum
1450 3723 1503 3784 ius
1527 3741 1599 3802 pro-

284 3811 423 3893 prietatis
445 3810 597 3872 hactenus
618 3807 657 3870 ad
676 3814 814 3871 nostram
838 3809 1002 3871 ecclesiam
1025 3811 1184 3891 pertinuit
1226 3809 1313 3885 Quos
1333 3829 1465 3874 mansos
1487 3809 1601 3873 lt'ride·

285 3903 369 3964 ricus
391 3904 421 3962 ct
442 3897 601 3961 chricus
628 3899 740 3961 fratros
768 3899 841 3961 dicti
871 3899 910 3961 de
931 3897 1108 3982 Blysegrim
1139 3899 1265 3982 opidani
1291 3900 1324 3962 in
1347 3897 1602 3962 Marcbthescler

285 4013 302 4054 a
335 3989 426 4052 nobis
457 3994 488 4050 et
515 4009 533 4050 a
565 3993 671 4052 nostre
701 3988 832 4051 ecclesia
862 3989 894 4050 in
925 3988 1015 4052 ieodo
1048 3988 1228 4052 habuerunt
1259 4009 1295 4052 uc
1325 4008 1400 4052 cum
1432 4007 1598 4052 consensu

286 4083 430 4144 omnium
463 4079 652 4142 coheredum
686 4099 817 4142 suorum
852 4079 890 4142 ad
923 4099 1037 4142 manus
1069 4084 1193 4142 nostras
1224 4079 1321 4142 libere
1351 4081 1600 4162 resignaverunt

286 4192 357 4235 cum
382 4171 467 4232 omui
491 4170 559 4232 iure
581 4175 611 4232 ot
634 4169 768 4232 utilitate
790 4168 849 4232 sibi
871 4171 901 4231 in
920 4171 1036 4232 eisdem
1056 4169 1147 4232 bonis
1161 4169 1413 4252 conpetentibus,
1434 4168 1600 4232 abrenun-

286 4264 426 4325 ciacione
452 4261 532 4322 lacta
554 4279 587 4322 se
608 4279 643 4322 ac
665 4279 741 4322 suos
762 4260 892 4323 heredes
911 4260 1058 4342 predictis
1079 4260 1233 4341 religiosis
1254 4279 1359 4322 coram
1383 4259 1474 4322 nobis
1498 4273 1602 4338 super
1696 4327 1697 4336 ἦ

286 4352 450 4416 evictionis
472 4354 502 4412 ot
522 4349 777 4430 guarandiarum
799 4351 949 4412 carisione
970 4350 1167 4413 iusticinliter
1188 4348 1372 4432 obligantes,
1404 4355 1435 4414 et
1454 4351 1485 4411 in
1506 4349 1601 4427 ipsos
1696 4367 1697 4379 ¹

288 4443 413 4505 cosdem
454 4460 582 4502 nransos
617 4441 701 4503 iusto
735 4441 903 4523 emptionis
934 4440 1037 4520 tytulo
1074 4440 1305 4503 interveniente
1336 4457 1411 4501 cum
1444 4433 1602 4500 omnibus

289 4532 413 4594 iuribus
443 4537 473 4594 et
501 4532 568 4594 suis
595 4531 797 4614 pertinenciis
826 4531 1072 4593 transfuderunt
1115 4528 1155 4592 III
1176 4549 1233 4592 nos
1255 4529 1293 4593 ad
1315 4529 1499 4614 peticionem
1519 4543 1601 4605 pre·

289 4623 444 4685 dictorum
472 4621 603 4685 fratrum
632 4623 670 4686 de
697 4621 874 4703 Blysegrim
906 4625 1030 4704 recepta
1063 4620 1179 4684 nichilo
1211 4621 1319 4684 minus
1349 4619 1433 4682 iusta
1460 4612 1603 4700 pecunie
