3442 5148
832 254 852 298 Χ

630 377 678 438 Nr.
689 380 731 435 2'l.
753 381 827 436 1182.
1356 379 1391 434 45

99 533 269 615 premunire
303 550 485 614 possumus,
520 531 591 595 ideo
624 531 827 595 notificamus
859 531 982 594 cunctis
1009 537 1073 594 tam
1104 528 1265 594 modernis
1294 551 1389 612 quarn

99 623 234 703 posterla,
267 621 353 702 quod
384 620 508 684 dilectis
535 620 687 684 iratribus
712 622 829 684 nostris
856 621 888 682 iu
916 621 1013 684 Porta
1042 619 1187 683 salictum
1220 620 1389 701 quoddam,

98 712 171 792 quod
199 713 282 774 inter
305 710 410 773 Salam
436 719 469 773 et
494 711 675 774 clausuram
702 710 897 773 molendini²
923 711 1065 792 ipsorum
1092 710 1188 772 situm
1219 716 1280 776 est.
1311 713 1389 774 rosi-

96 806 215 881 gnatum
239 799 330 863 nobis
351 799 391 862 ab
413 800 475 878 bis,
511 801 566 881 qui
590 801 647 862 hoc
675 798 822 862 beneficii
844 801 913 862 iure
935 799 1149 882 possederant,
1170 819 1227 882 pro
1248 801 1389 863 remedio

95 891 189 952 anime
211 895 318 952 nostre
339 890 371 952 in
394 896 583 972 perpetuum
605 889 805 952 contulimus.
839 888 976 972 Insuper
996 889 1091 952 etiarn
1114 890 1160 952 eis
1173 893 1390 973 possessiones

96 981 122 1039 iu
149 979 285 1042 Cotcwiz
309 978 402 1041 uobis
428 977 467 1040 ab
489 979 551 1054 bis,
574 979 628 1060 qui
651 979 697 1041 eis
717 977 934 1041 inbeneficiati
965 979 1108 1055 lucrant,
1137 979 1282 1041 similiter
1313 979 1389 1042 resi-

93 1076 196 1148 gnatas
223 1072 375 1150 perpetuo
396 1069 466 1131 iure
491 1067 688 1130 donavimus.
730 1067 881 1130 Pretcrea
901 1067 996 1130 etiam
1022 1067 1242 1130 concambium
1266 1088 1390 1150 posses-

95 1156 211 1218 sionum
233 1157 266 1218 in
287 1155 516 1230 obcenrouew,
548 1175 610 1237 que
632 1155 724 1219 uobis
745 1155 862 1218 nichilo
883 1155 989 1218 minus
1011 1157 1168 1236 resignate
1188 1165 1275 1234 sunt,
1305 1159 1388 1238 quod

94 1263 109 1304 a
136 1245 286 1328 predictis
308 1246 460 1310 iratribus
486 1248 525 1310 de
546 1246 657 1329 predio
679 1246 834 1330 ipsorum,
854 1246 938 1326 quod
962 1245 1141 1308 babuerunt
1162 1247 1193 1308 in
1216 1247 1305 1316 villa,
1327 1268 1389 1328 que

94 1333 382 1418 diciturlliigenell,
403 1335 638 1399 racionabiliter
659 1337 780 1398 iactum
801 1355 870 1399 esse
892 1335 1102 1418 cognoscitur,
1124 1355 1197 1398 cum
1214 1336 1388 1400 molendini

93 1423 155 1486 loco
176 1425 312 1488 iuferius
333 1427 423 1489 iuxta
443 1425 548 1490 Salam
574 1437 606 1490 et
628 1445 702 1489 cunr
724 1425 887 1488 adiacente
910 1425 1019 1490 salicto
1040 1425 1118 1508 ipsis
1139 1425 1293 1490 stabiliter
1314 1447 1389 1490 con-

93 1513 259 1577 firmamus.
301 1515 437 1598 Insuper
465 1518 723 1594 conventionem,
753 1533 814 1596 que
841 1535 896 1597 pro
919 1514 1001 1578 bono
1023 1516 1109 1598 pacis
1128 1515 1211 1578 inter
1233 1517 1390 1598 predictos

92 1603 198 1666 batres
221 1612 252 1666 et
273 1605 444 1668 canonicos
466 1611 591 1669 nostros
612 1607 696 1669 iacta
717 1611 773 1680 est,
794 1603 930 1666 firmiter
947 1604 1147 1673 roboramus,
1172 1605 1320 1668 videlicet
1336 1618 1390 1670 ut·

92 1692 246 1768 salictum,
272 1696 356 1775 quod
384 1696 468 1757 circa
490 1697 630 1778 ipsorum
650 1696 831 1759 clausuram
852 1701 883 1756 et
903 1688 1129 1756 canonicorum
1151 1699 1206 1756 aut
1227 1713 1313 1758 nuno
1334 1704 1390 1760 aut

92 1783 118 1842 iu
148 1791 307 1865 posterum
336 1805 536 1850 succrescere
562 1792 678 1870 potest,
705 1785 745 1847 ad
775 1783 982 1866 reparandam
1006 1783 1186 1846 clausuram
1208 1785 1349 1868 ipsorum
1371 1807 1389 1849 a

91 1874 240 1953 superiori
269 1873 340 1936 loco
370 1894 471 1955 usquo
498 1875 536 1937 ad
566 1876 757 1938 transfixum
779 1873 887 1956 palum
908 1873 1050 1955 ipsorum
1070 1874 1203 1936 fratrum
1226 1878 1387 1958 proprium

92 1963 208 2030 existat
231 1973 262 2024 et
283 1969 319 2024 ut
339 1962 477 2026 habeant
499 1965 558 2046 ipsi
578 1966 692 2028 fratres
713 1963 844 2026 liberam
867 1967 1053 2045 potestatem
1075 1963 1196 2046 lapides
1221 1965 1387 2046 frangendi

91 2060 119 2112 ot
144 2059 258 2114 terrani
288 2053 431 2116 fodiendi
457 2055 496 2116 nol
519 2056 711 2136 reparandas
732 2053 896 2116 clausuras
918 2051 1031 2114 atalia
1051 2052 1230 2116 necessaria
1250 2056 1388 2118 facieudi

92 2141 118 2200 iu
138 2143 295 2204 ediscenti
315 2151 434 2215 moute,
463 2145 518 2224 qui
544 2145 706 2208 canonicis
727 2143 847 2219 attinet,
868 2142 1004 2205 liberum
1026 2143 1121 2204 etiarn
1144 2145 1310 2208 transitum
1332 2165 1389 2228 per

94 2231 177 2297 viani.
200 2251 296 2312 quam
318 2233 377 2314 ipsi
400 2231 577 2300 habuerint.
600 2237 632 2294 ct
652 2233 718 2294 iuss
735 2232 866 2308 fontem,
888 2232 943 2312 qui
960 2230 1124 2294 decodem
1135 2239 1241 2296 moute
1254 2241 1388 2312 emanat,

92 2319 118 2379 iu
140 2339 216 2384 usus
239 2341 323 2398 suus,
344 2339 407 2402 qno
431 2321 597 2390 volueriut
621 2321 845 2384 transducendi
860 2325 891 2383 et
906 2320 1267 2403 clausuram‘ipsorum,
1289 2342 1389 2404 quan-

93 2417 283 2490 tumcunque
310 2411 410 2472 fracta
437 2411 549 2486 fuerit,
578 2411 616 2472 ad
639 2411 733 2473 litush
755 2409 943 2492 applicandi,
967 2408 1005 2471 ab
1028 2410 1115 2472 omni
1137 2408 1198 2470 alia
1219 2412 1388 2493 sponsione

91 2509 118 2560 ct
144 2499 395 2562 contradictione
422 2499 580 2563 absoluto.
641 2501 682 2564 Ut
709 2505 814 2563 autern
840 2499 898 2562 bec
926 2500 958 2560 in
987 2506 1173 2582 perpetuum
1200 2500 1389 2564 inconvulsa

91 2595 299 2668 permaneant,
320 2589 415 2672 sigilli
436 2591 535 2652 nostri
557 2591 753 2673 inpressione
772 2590 935 2672 signamus
955 2594 1144 2666 statuentes,
1174 2595 1209 2651 ut
1230 2590 1293 2652 iarn
1315 2611 1389 2673 sepe

91 2678 159 2740 ‹licli
186 2679 302 2742 fratres
326 2678 555 2743 dimidietatem
581 2679 728 2742 clausure
748 2698 895 2761 reparare
917 2676 1063 2752 debeant,
1087 2679 1229 2758 quoiam
1251 2680 1389 2743 mediata

91 2777 140 2833 ost
161 2769 318 2849 reliquam
340 2775 461 2851 partein
482 2771 542 2852 ipsi
564 2771 718 2846 canonici,
740 2770 806 2832 siro
828 2769 953 2830 luerior
969 2769 1036 2830 sive
1054 2768 1207 2850 prolixior
1221 2769 1389 2847 efficiatur,

91 2856 211 2920 [irmare
234 2864 411 2921 teneantur.
453 2859 558 2921 Huius
580 2861 623 2920 rei
646 2867 741 2922 testes
764 2867 838 2920 suut
847 2857 1060 2920 'l'beoderious
1070 2858 1250 2940 prepositus
1260 2860 1389 2922 maioris

90 2948 227 3026 ecclesie,
248 2947 468 3010 Harbnaunus
487 2949 636 3017 decanus.
658 2948 851 3030 Wolquiuus
868 2953 984 3017 custos,
1005 2945 1174 3008 Cuuradus
1195 2947 1388 3026 scolasticus,

90 3035 254 3100 Baitoldus
273 3040 455 3112 canonicus,
477 3037 550 3102 Otto
567 3039 605 3100 de
619 3038 803 3119 Wasuugen
820 3047 851 3100 et
872 3038 1045 3100 canonicus
1066 3041 1098 3099 et
1116 3037 1211 3098 ceteri
1234 3038 1388 3118 canonici,

92 3125 272 3210 liudegerus
298 3126 395 3190 abbas
422 3129 522 3190 sancti
551 3129 679 3210 Georgii
705 3129 735 3189 in
758 3127 967 3210 Nueuburgl‘,
995 3125 1184 3190 Guntfridus
1210 3129 1388 3209 prepositus

90 3217 183 3278 sancti
206 3216 354 3280 Mauricii
376 3217 407 3278 iu
422 3217 609 3298 Nuenburg,
629 3216 712 3298 layci
726 3217 931 3280 Hermanuus
953 3217 991 3278 de
1004 3214 1187 3297 Bramberg,
1207 3215 1388 3280 Fridcrious

90 3303 280 3382 «locontur,
301 3305 483 3368 Fridericus
505 3306 544 3369 dc
568 3305 701 3369 Saleblre
722 3311 755 3369 ct
775 3306 872 3369 irater
893 3306 962 3368 eius
981 3305 1196 3382 Hermannus,
1214 3303 1389 3368 Heinrious

90 3391 124 3454 ue
159 3394 350 3477 Aldenburg
386 3401 417 3457 et
454 3395 552 3458 irater
584 3395 654 3458 eius
686 3395 870 3474 Bertoldus,
907 3393 1130 3457 ministeriales
1159 3392 1316 3458 Rudolfus
1348 3396 1388 3460 de

91 3480 240 3561 Bunowe,
266 3483 362 3567 Hugo
384 3483 423 3547 de
444 3482 682 3567 Rutleibisberg
703 3491 735 3547 et
754 3483 853 3547 irater
869 3485 938 3546 cius
959 3483 1049 3547 Bodo
1071 3483 1110 3546 de
1132 3481 1337 3566 Sconeubcrg
1357 3491 1388 3548 et

89 3569 136 3633 alii
159 3572 384 3656 quamplures
406 3579 469 3636 tam
491 3573 576 3654 layci
599 3593 693 3656 quam
716 3573 832 3639 clerici.

153 3687 237 3742 ²Die
254 3688 334 3754 ΖαΙιῑ,
352 3688 423 3743 auch
441 3689 504 3742 aber
523 3687 595 3757 Vdo,
613 3688 679 3754 fcbtt
696 3688 727 3740 in
748 3688 773 3740 Τ
798 3677 824 3715 '¹’
841 3686 922 3740 Ncclr
934 3687 958 3739 Τ
981 3685 1058 3756 quat’
1078 3686 1108 3739 D
1143 3685 1343 3742 ⁰catzcnrode
1365 3688 1389 3741 T

89 3753 273 3838 ‘'EygcncT
332 3770 393 3821 ‘ut
412 3768 540 3822 omneT
599 3759 608 3795 f
630 3769 743 3837 insuper
761 3769 836 3830 (aicit
853 3766 909 3833 ius)
931 3766 955 3818 Τ
1014 3764 1027 3800 ⁸
1054 3767 1183 3820 clausura
1200 3766 1326 3822 dolum
1342 3769 1387 3822 aiu

88 3843 233 3902 Btwluwoe
254 3879 279 3886 —
305 3849 354 3901 m?
377 3878 410 3888 —
429 3847 626 3902 cascrudicrtT
678 3837 690 3874 ¹¹
711 3845 791 3900 littus
808 3846 943 3899 irritatur
959 3845 984 3897 Τ
1034 3836 1039 3871 ᾗ
1060 3843 1180 3900 absoluti
1198 3845 1284 3900 durch
1294 3847 1388 3902 Rcortr

88 3941 134 3976 cus
151 3925 312 3980 absolutum
336 3927 360 3979 Τ
411 3917 422 3952 k
445 3924 673 3996 Neunburgeusis
694 3925 719 3978 Τ

155 4012 165 4050 ¹
193 4018 268 4072 1174,
290 4013 353 4067 Mai
368 4018 405 4066 20
428 4014 558 4067 erocltcint
582 4015 648 4068 noch
676 4015 717 4066 ule
744 4011 843 4067 Delion
869 4013 991 4079 (lectolo,
1029 4012 1202 4066 Hortatorem
1226 4011 1386 4083 Vorpiinpcr‚

89 4093 141 4142 send
163 4093 206 4146 ola
224 4093 323 4161 chct
345 4093 390 4147 dea
416 4093 623 4148 Moritrltloctcrc
646 4093 742 4160 diruat,
768 4087 918 4160 Grtntiwdc
942 4093 1093 4161 Vcrpiiuper
1120 4092 1179 4161 (cpi.
1202 4092 1279 4158 aaa,
1303 4093 1385 4146 fleur.

87 4186 148 4227 sacr.
169 4171 211 4240 II,
231 4173 308 4237 118),
327 4172 490 4226 ‹rndrcrccits
510 4175 577 4226 1184
594 4173 636 4225 cla
654 4173 708 4225 Abt
726 4171 771 4224 dec
792 4171 1017 4240 Georpenbloaterc
1034 4173 1126 4224 bceits
1144 4171 1277 4240 Radiperc
1294 4171 1386 4226 Nacb·

87 4250 164 4318 sulcet·
183 4251 298 4305 Konrcd
317 4251 376 4320 (cpi.
396 4251 763 4320 eod.dtpt,8ar.rep.1,11‚
781 4253 853 4318 343).
902 4251 1020 4306 Dcslurlb
1037 4267 1110 4304 muco
1127 4251 1170 4304 aie
1190 4251 1317 4304 Urlarule
1334 4252 1387 4306 dea

87 4331 187 4384 dolum
212 4332 384 4384 1174-1184
409 4331 567 4399 copebdcn.
602 4331 701 4385 Dirclct
720 4337 841 4400 peccunt
867 4333 970 4386 werden
997 4333 1028 4384 in
1052 4330 1103 4385 deu
1127 4331 1183 4384 bier
1206 4333 1386 4400 uupepcbcuen

94 4409 208 4462 ll'rbdea
226 4411 272 4464 der
290 4410 456 4478 Dompropct
474 4409 597 4464 Dictricb
615 4419 668 4466 erat
687 4413 735 4466 ecit
754 4412 836 4476 1180,
861 4411 908 4465 der
926 4412 1029 4465 Krastos
1055 4411 1165 4477 Volquic
1183 4411 1246 4462 aber·
1263 4410 1321 4462 und
1338 4410 1386 4464 der

92 4487 179 4555 Propat
205 4507 240 4542 au
267 4489 295 4544 S.
308 4489 407 4543 Mom'ta
429 4489 565 4557 Gucfried
591 4499 645 4544 erat
668 4492 717 4544 scit
744 4492 818 4543 1182.
856 4491 1026 4545 Sdrurutliclrc
1046 4489 1179 4559 petbtla'cbc
1204 4489 1309 4557 Zcupm
1327 4491 1385 4543 und

88 4565 151 4621 dura
176 4569 246 4622 cuch
270 4570 387 4624 uwbrm
410 4587 460 4622 roa
482 4569 534 4622 ‹lcu
558 4560 703 4625 ucltltcuen
726 4569 818 4636 lintion
840 4572 896 4624 aba
920 4575 993 4624 1182.
1014 4571 1073 4624 Mat¹
1092 4573 1127 4622 24
1152 4567 1226 4635 (Uod.
1239 4567 1306 4636 dipl.
1319 4569 1383 4626 Suu.
