<?xml version="1.0" encoding="UTF-8"?>
<!DOCTYPE html PUBLIC "-//W3C//DTD XHTML 1.0 Transitional//EN"
    "http://www.w3.org/TR/xhtml1/DTD/xhtml1-transitional.dtd">
<html xmlns="http://www.w3.org/1999/xhtml" xml:lang="en" lang="en">
 <head>
  <title>
</title>
<meta http-equiv="Content-Type" content="text/html;charset=utf-8" />
  <meta name='ocr-system' content='tesseract 3.04.00' />
  <meta name='ocr-capabilities' content='ocr_page ocr_carea ocr_par ocr_line ocrx_word'/>
</head>
<body>
  <div class='ocr_page' id='page_1' title='image "./urkundenbuchdes00pforgoog_0234.png"; bbox 0 0 3400 5148; ppageno 0'>
   <div class='ocr_carea' id='block_1_1' title="bbox 321 377 1259 437">
    <p class='ocr_par' dir='ltr' id='par_1_1' title="bbox 321 377 1259 437">
     <span class='ocr_line' id='line_1_1' title="bbox 321 377 1259 437; baseline 0.002 -3"><span class='ocrx_word' id='word_1_1' title='bbox 321 377 374 434; x_wconf 83' lang='lat'>208</span> <span class='ocrx_word' id='word_1_2' title='bbox 699 377 928 436; x_wconf 79' lang='lat' dir='ltr'>Urlrundenbuch</span> <span class='ocrx_word' id='word_1_3' title='bbox 946 380 994 437; x_wconf 88' lang='lat' dir='ltr'>des</span> <span class='ocrx_word' id='word_1_4' title='bbox 1013 380 1138 437; x_wconf 86' lang='lat' dir='ltr'>Klosters</span> <span class='ocrx_word' id='word_1_5' title='bbox 1157 381 1259 437; x_wconf 80' lang='lat' dir='ltr'>Pierio.</span> 
     </span>
    </p>
   </div>
   <div class='ocr_carea' id='block_1_2' title="bbox 294 529 1685 3757">
    <p class='ocr_par' dir='ltr' id='par_1_2' title="bbox 294 529 1685 3299">
     <span class='ocr_line' id='line_1_2' title="bbox 322 529 1682 646; baseline -0.003 -47"><span class='ocrx_word' id='word_1_6' title='bbox 322 537 424 600; x_wconf 90' lang='lat' dir='ltr'>dictos</span> <span class='ocrx_word' id='word_1_7' title='bbox 448 553 490 598; x_wconf 86' lang='lat' dir='ltr'>ex</span> <span class='ocrx_word' id='word_1_8' title='bbox 516 538 605 617; x_wconf 84' lang='lat' dir='ltr'>parte</span> <span class='ocrx_word' id='word_1_9' title='bbox 635 531 734 595; x_wconf 83' lang='lat' dir='ltr'>altera</span> <span class='ocrx_word' id='word_1_10' title='bbox 756 529 955 610; x_wconf 66' lang='lat' dir='ltr'>vertebatur,</span> <span class='ocrx_word' id='word_1_11' title='bbox 980 539 1085 618; x_wconf 86' lang='lat' dir='ltr'>partes</span> <span class='ocrx_word' id='word_1_12' title='bbox 1107 539 1241 617; x_wconf 88' lang='lat' dir='ltr'>utreque</span> <span class='ocrx_word' id='word_1_13' title='bbox 1262 533 1367 598; x_wconf 84' lang='lat' dir='ltr'>taliter</span> <span class='ocrx_word' id='word_1_14' title='bbox 1388 539 1619 613; x_wconf 78' lang='lat' dir='ltr'>consenserunt</span> <span class='ocrx_word' id='word_1_15' title='bbox 1681 578 1682 646; x_wconf 35' lang='lat' dir='ltr'>p</span> 
     </span>
     <span class='ocr_line' id='line_1_3' title="bbox 321 623 1682 708; baseline -0.002 -21"><span class='ocrx_word' id='word_1_16' title='bbox 321 626 471 690; x_wconf 90' lang='lat' dir='ltr'>videlicet</span> <span class='ocrx_word' id='word_1_17' title='bbox 503 623 589 705; x_wconf 90' lang='lat' dir='ltr'>quod</span> <span class='ocrx_word' id='word_1_18' title='bbox 620 624 853 690; x_wconf 81' lang='lat' dir='ltr'><strong>retentaculum</strong></span> <span class='ocrx_word' id='word_1_19' title='bbox 886 643 969 708; x_wconf 84' lang='lat' dir='ltr'>aque</span> <span class='ocrx_word' id='word_1_20' title='bbox 1004 625 1089 688; x_wconf 83' lang='lat' dir='ltr'>inira</span> <span class='ocrx_word' id='word_1_21' title='bbox 1118 623 1225 688; x_wconf 84' lang='lat' dir='ltr'>Vhere</span> <span class='ocrx_word' id='word_1_22' title='bbox 1262 625 1357 688; x_wconf 89' lang='lat' dir='ltr'>situm</span> <span class='ocrx_word' id='word_1_23' title='bbox 1390 645 1483 697; x_wconf 79' lang='lat' dir='ltr'>secus</span> <span class='ocrx_word' id='word_1_24' title='bbox 1514 643 1619 706; x_wconf 86' lang='lat' dir='ltr'>aquam</span> <span class='ocrx_word' id='word_1_25' title='bbox 1681 653 1682 706; x_wconf 53' lang='lat' dir='ltr'>r</span> 
     </span>
     <span class='ocr_line' id='line_1_4' title="bbox 324 711 1682 797; baseline -0.003 -19"><span class='ocrx_word' id='word_1_26' title='bbox 324 715 482 792; x_wconf 72' lang='lat' dir='ltr'>Vnstrota</span> <span class='ocrx_word' id='word_1_27' title='bbox 501 733 557 797; x_wconf 88' lang='lat' dir='ltr'>pro</span> <span class='ocrx_word' id='word_1_28' title='bbox 581 732 643 794; x_wconf 89' lang='lat' dir='ltr'>quo</span> <span class='ocrx_word' id='word_1_29' title='bbox 663 714 800 777; x_wconf 79' lang='lat' dir='ltr'>invicem</span> <span class='ocrx_word' id='word_1_30' title='bbox 823 714 1055 792; x_wconf 71' lang='lat' dir='ltr'>discordabant</span> <span class='ocrx_word' id='word_1_31' title='bbox 1078 715 1104 777; x_wconf 89' lang='lat' dir='ltr'>si</span> <span class='ocrx_word' id='word_1_32' title='bbox 1127 714 1254 794; x_wconf 87' lang='lat' dir='ltr'>quando</span> <span class='ocrx_word' id='word_1_33' title='bbox 1276 719 1434 778; x_wconf 80' lang='lat' dir='ltr'>vetustate</span> <span class='ocrx_word' id='word_1_34' title='bbox 1454 714 1621 797; x_wconf 88' lang='lat' dir='ltr'>collapsum</span> <span class='ocrx_word' id='word_1_35' title='bbox 1681 711 1682 766; x_wconf 76' lang='grc' dir='ltr'>ξ</span> 
     </span>
     <span class='ocr_line' id='line_1_5' title="bbox 323 803 1619 886; baseline -0.004 -18"><span class='ocrx_word' id='word_1_36' title='bbox 323 807 372 870; x_wconf 91' lang='lat' dir='ltr'>vel</span> <span class='ocrx_word' id='word_1_37' title='bbox 406 805 439 867; x_wconf 91' lang='lat' dir='ltr'>vi</span> <span class='ocrx_word' id='word_1_38' title='bbox 470 803 614 867; x_wconf 84' lang='lat' dir='ltr'>fluminis</span> <span class='ocrx_word' id='word_1_39' title='bbox 646 803 835 868; x_wconf 87' lang='lat' dir='ltr'>dissolutum</span> <span class='ocrx_word' id='word_1_40' title='bbox 864 806 916 870; x_wconf 86' lang='lat' dir='ltr'>vel</span> <span class='ocrx_word' id='word_1_41' title='bbox 944 824 1073 886; x_wconf 88' lang='lat' dir='ltr'>quoquo</span> <span class='ocrx_word' id='word_1_42' title='bbox 1107 803 1201 866; x_wconf 90' lang='lat' dir='ltr'>modo</span> <span class='ocrx_word' id='word_1_43' title='bbox 1228 803 1425 868; x_wconf 85' lang='lat' dir='ltr'>destructum</span> <span class='ocrx_word' id='word_1_44' title='bbox 1452 804 1565 874; x_wconf 81' lang='lat' dir='ltr'>fuerit,</span> <span class='ocrx_word' id='word_1_45' title='bbox 1594 803 1619 864; x_wconf 90' lang='lat' dir='ltr'>in</span> 
     </span>
     <span class='ocr_line' id='line_1_6' title="bbox 319 891 1620 978; baseline -0.002 -22"><span class='ocrx_word' id='word_1_46' title='bbox 319 893 504 972; x_wconf 81' lang='lat' dir='ltr'>latitudine,</span> <span class='ocrx_word' id='word_1_47' title='bbox 527 891 695 956; x_wconf 82' lang='lat' dir='ltr'>altitudine</span> <span class='ocrx_word' id='word_1_48' title='bbox 724 898 756 954; x_wconf 88' lang='lat' dir='ltr'>et</span> <span class='ocrx_word' id='word_1_49' title='bbox 781 892 980 978; x_wconf 84' lang='lat' dir='ltr'>longitudine</span> <span class='ocrx_word' id='word_1_50' title='bbox 1007 894 1113 956; x_wconf 81' lang='lat' dir='ltr'>taliter</span> <span class='ocrx_word' id='word_1_51' title='bbox 1141 892 1235 957; x_wconf 90' lang='lat' dir='ltr'>debet</span> <span class='ocrx_word' id='word_1_52' title='bbox 1263 895 1417 977; x_wconf 80' lang='lat' dir='ltr'>reparari,</span> <span class='ocrx_word' id='word_1_53' title='bbox 1449 895 1533 958; x_wconf 90' lang='lat' dir='ltr'>sicut</span> <span class='ocrx_word' id='word_1_54' title='bbox 1558 898 1620 954; x_wconf 82' lang='lat' dir='ltr'>ante</span> 
     </span>
     <span class='ocr_line' id='line_1_7' title="bbox 324 981 1621 1067; baseline -0.003 -20"><span class='ocrx_word' id='word_1_55' title='bbox 324 1003 425 1047; x_wconf 84' lang='lat' dir='ltr'>annos</span> <span class='ocrx_word' id='word_1_56' title='bbox 452 982 581 1064; x_wconf 84' lang='lat' dir='ltr'>triginta</span> <span class='ocrx_word' id='word_1_57' title='bbox 608 982 804 1065; x_wconf 83' lang='lat' dir='ltr'>etamplius</span> <span class='ocrx_word' id='word_1_58' title='bbox 830 989 878 1048; x_wconf 89' lang='lat' dir='ltr'>est</span> <span class='ocrx_word' id='word_1_59' title='bbox 903 989 1135 1060; x_wconf 73' lang='lat' dir='ltr'>constructum,</span> <span class='ocrx_word' id='word_1_60' title='bbox 1161 989 1193 1046; x_wconf 93' lang='lat' dir='ltr'>et</span> <span class='ocrx_word' id='word_1_61' title='bbox 1210 981 1351 1064; x_wconf 78' lang='lat' dir='ltr'>quelibet</span> <span class='ocrx_word' id='word_1_62' title='bbox 1371 1003 1444 1067; x_wconf 88' lang='lat' dir='ltr'>pars</span> <span class='ocrx_word' id='word_1_63' title='bbox 1468 985 1502 1046; x_wconf 92' lang='lat' dir='ltr'>in</span> <span class='ocrx_word' id='word_1_64' title='bbox 1525 983 1621 1045; x_wconf 79' lang='lat' dir='ltr'>littore</span> 
     </span>
     <span class='ocr_line' id='line_1_8' title="bbox 323 1071 1620 1153; baseline -0.007 -15"><span class='ocrx_word' id='word_1_65' title='bbox 323 1094 381 1138; x_wconf 90' lang='lat' dir='ltr'>suo</span> <span class='ocrx_word' id='word_1_66' title='bbox 410 1072 523 1136; x_wconf 79' lang='lat' dir='ltr'>salices</span> <span class='ocrx_word' id='word_1_67' title='bbox 549 1071 703 1153; x_wconf 75' lang='lat' dir='ltr'>plantabit</span> <span class='ocrx_word' id='word_1_68' title='bbox 731 1086 760 1132; x_wconf 87' lang='lat' dir='ltr'>et</span> <span class='ocrx_word' id='word_1_69' title='bbox 779 1097 829 1148; x_wconf 92' lang='lat' dir='ltr'>pro</span> <span class='ocrx_word' id='word_1_70' title='bbox 850 1079 922 1135; x_wconf 88' lang='lat' dir='ltr'>velle</span> <span class='ocrx_word' id='word_1_71' title='bbox 944 1097 994 1134; x_wconf 86' lang='lat' dir='ltr'>suo</span> <span class='ocrx_word' id='word_1_72' title='bbox 1016 1078 1093 1132; x_wconf 84' lang='lat' dir='ltr'>littus</span> <span class='ocrx_word' id='word_1_73' title='bbox 1111 1095 1191 1132; x_wconf 87' lang='lat' dir='ltr'>suum</span> <span class='ocrx_word' id='word_1_74' title='bbox 1213 1078 1352 1152; x_wconf 63' lang='lat' dir='ltr'>minabit,</span> <span class='ocrx_word' id='word_1_75' title='bbox 1373 1097 1429 1134; x_wconf 91' lang='lat' dir='ltr'>non</span> <span class='ocrx_word' id='word_1_76' title='bbox 1451 1087 1545 1133; x_wconf 87' lang='lat' dir='ltr'>tamen</span> <span class='ocrx_word' id='word_1_77' title='bbox 1568 1095 1620 1132; x_wconf 86' lang='lat' dir='ltr'>cum</span> 
     </span>
     <span class='ocr_line' id='line_1_9' title="bbox 323 1164 1622 1241; baseline -0.005 -15"><span class='ocrx_word' id='word_1_78' title='bbox 323 1168 465 1241; x_wconf 74' lang='lat' dir='ltr'>lapidibus</span> <span class='ocrx_word' id='word_1_79' title='bbox 492 1167 537 1220; x_wconf 84' lang='lat' dir='ltr'>vel</span> <span class='ocrx_word' id='word_1_80' title='bbox 567 1164 637 1220; x_wconf 86' lang='lat' dir='ltr'>fimo</span> <span class='ocrx_word' id='word_1_81' title='bbox 666 1166 710 1220; x_wconf 89' lang='lat' dir='ltr'>vel</span> <span class='ocrx_word' id='word_1_82' title='bbox 742 1168 841 1223; x_wconf 81' lang='lat' dir='ltr'>salices</span> <span class='ocrx_word' id='word_1_83' title='bbox 872 1167 1059 1240; x_wconf 83' lang='lat' dir='ltr'>indaginando</span> <span class='ocrx_word' id='word_1_84' title='bbox 1086 1167 1130 1222; x_wconf 86' lang='lat' dir='ltr'>vel</span> <span class='ocrx_word' id='word_1_85' title='bbox 1157 1169 1186 1222; x_wconf 90' lang='lat' dir='ltr'>in</span> <span class='ocrx_word' id='word_1_86' title='bbox 1212 1185 1313 1238; x_wconf 89' lang='lat' dir='ltr'>aquam</span> <span class='ocrx_word' id='word_1_87' title='bbox 1339 1169 1515 1240; x_wconf 88' lang='lat' dir='ltr'>dependendi</span> <span class='ocrx_word' id='word_1_88' title='bbox 1541 1167 1622 1239; x_wconf 80' lang='lat' dir='ltr'>gratia</span> 
     </span>
     <span class='ocr_line' id='line_1_10' title="bbox 321 1244 1683 1329; baseline -0.007 -12"><span class='ocrx_word' id='word_1_89' title='bbox 321 1257 496 1316; x_wconf 84' lang='lat' dir='ltr'>succidendo.</span> <span class='ocrx_word' id='word_1_90' title='bbox 537 1255 574 1308; x_wconf 84' lang='lat' dir='ltr'>Et</span> <span class='ocrx_word' id='word_1_91' title='bbox 593 1271 657 1325; x_wconf 87' lang='lat' dir='ltr'>pars</span> <span class='ocrx_word' id='word_1_92' title='bbox 678 1255 853 1312; x_wconf 86' lang='lat' dir='ltr'>Portcnsium</span> <span class='ocrx_word' id='word_1_93' title='bbox 875 1258 904 1311; x_wconf 91' lang='lat' dir='ltr'>in</span> <span class='ocrx_word' id='word_1_94' title='bbox 924 1257 1017 1312; x_wconf 84' lang='lat' dir='ltr'>littore</span> <span class='ocrx_word' id='word_1_95' title='bbox 1037 1275 1087 1312; x_wconf 89' lang='lat' dir='ltr'>suo</span> <span class='ocrx_word' id='word_1_96' title='bbox 1111 1258 1180 1310; x_wconf 87' lang='lat' dir='ltr'>nihil</span> <span class='ocrx_word' id='word_1_97' title='bbox 1206 1257 1307 1324; x_wconf 87' lang='lat' dir='ltr'>fodiet,</span> <span class='ocrx_word' id='word_1_98' title='bbox 1334 1259 1408 1328; x_wconf 87' lang='lat' dir='ltr'>quod</span> <span class='ocrx_word' id='word_1_99' title='bbox 1426 1258 1512 1329; x_wconf 81' lang='lat' dir='ltr'>possit</span> <span class='ocrx_word' id='word_1_100' title='bbox 1533 1258 1621 1312; x_wconf 84' lang='lat' dir='ltr'>cedem</span> <span class='ocrx_word' id='word_1_101' title='bbox 1682 1244 1683 1312; x_wconf 78' lang='lat' dir='ltr'>i</span> 
     </span>
     <span class='ocr_line' id='line_1_11' title="bbox 322 1345 1622 1407; baseline -0.006 -1"><span class='ocrx_word' id='word_1_102' title='bbox 322 1353 351 1407; x_wconf 94' lang='lat' dir='ltr'>in</span> <span class='ocrx_word' id='word_1_103' title='bbox 379 1348 576 1403; x_wconf 79' lang='lat' dir='ltr'>detrimentum</span> <span class='ocrx_word' id='word_1_104' title='bbox 603 1345 738 1400; x_wconf 86' lang='lat' dir='ltr'>Eberheri</span> <span class='ocrx_word' id='word_1_105' title='bbox 764 1354 793 1401; x_wconf 90' lang='lat' dir='ltr'>et</span> <span class='ocrx_word' id='word_1_106' title='bbox 820 1347 1026 1402; x_wconf 72' lang='lat' dir='ltr'>communitatis</span> <span class='ocrx_word' id='word_1_107' title='bbox 1055 1347 1263 1402; x_wconf 82' lang='lat' dir='ltr'>Strrsfurdensis.</span> <span class='ocrx_word' id='word_1_108' title='bbox 1305 1348 1463 1402; x_wconf 86' lang='lat' dir='ltr'>Eberberus</span> <span class='ocrx_word' id='word_1_109' title='bbox 1486 1353 1581 1402; x_wconf 82' lang='lat' dir='ltr'>autem</span> <span class='ocrx_word' id='word_1_110' title='bbox 1600 1353 1622 1399; x_wconf 85' lang='lat' dir='ltr'>rt</span> 
     </span>
     <span class='ocr_line' id='line_1_12' title="bbox 323 1431 1619 1506; baseline -0.007 -10"><span class='ocrx_word' id='word_1_111' title='bbox 323 1431 559 1503; x_wconf 71' lang='lat' dir='ltr'>Stuslrrrdensesi’,</span> <span class='ocrx_word' id='word_1_112' title='bbox 578 1435 600 1487; x_wconf 91' lang='lat' dir='ltr'>si</span> <span class='ocrx_word' id='word_1_113' title='bbox 622 1443 738 1504; x_wconf 87' lang='lat' dir='ltr'>possunt</span> <span class='ocrx_word' id='word_1_114' title='bbox 758 1453 787 1490; x_wconf 91' lang='lat' dir='ltr'>se</span> <span class='ocrx_word' id='word_1_115' title='bbox 808 1438 917 1491; x_wconf 82' lang='lat' dir='ltr'>tueris</span> <span class='ocrx_word' id='word_1_116' title='bbox 936 1438 964 1490; x_wconf 88' lang='lat' dir='ltr'>vi</span> <span class='ocrx_word' id='word_1_117' title='bbox 985 1436 1113 1491; x_wconf 86' lang='lat' dir='ltr'>fluminis</span> <span class='ocrx_word' id='word_1_118' title='bbox 1133 1437 1274 1506; x_wconf 82' lang='lat' dir='ltr'>fodiendo,</span> <span class='ocrx_word' id='word_1_119' title='bbox 1295 1438 1348 1492; x_wconf 91' lang='lat' dir='ltr'>hoc</span> <span class='ocrx_word' id='word_1_120' title='bbox 1369 1437 1476 1492; x_wconf 83' lang='lat' dir='ltr'>facient</span> <span class='ocrx_word' id='word_1_121' title='bbox 1497 1437 1585 1491; x_wconf 85' lang='lat' dir='ltr'>libere</span> <span class='ocrx_word' id='word_1_122' title='bbox 1599 1448 1619 1488; x_wconf 82' lang='lat' dir='ltr'>or</span> 
     </span>
     <span class='ocr_line' id='line_1_13' title="bbox 322 1524 1622 1599; baseline -0.006 -14"><span class='ocrx_word' id='word_1_123' title='bbox 322 1531 427 1599; x_wconf 78' lang='lat' dir='ltr'>absque</span> <span class='ocrx_word' id='word_1_124' title='bbox 456 1524 606 1580; x_wconf 84' lang='lat' dir='ltr'>cuiuslibet</span> <span class='ocrx_word' id='word_1_125' title='bbox 632 1525 860 1582; x_wconf 80' lang='lat' dir='ltr'>contradictione.</span> <span class='ocrx_word' id='word_1_126' title='bbox 908 1527 945 1581; x_wconf 83' lang='lat' dir='ltr'>Et</span> <span class='ocrx_word' id='word_1_127' title='bbox 973 1527 1039 1597; x_wconf 87' lang='lat' dir='ltr'>quia</span> <span class='ocrx_word' id='word_1_128' title='bbox 1069 1533 1155 1581; x_wconf 81' lang='lat' dir='ltr'>strata</span> <span class='ocrx_word' id='word_1_129' title='bbox 1184 1528 1339 1582; x_wconf 89' lang='lat' dir='ltr'>communis</span> <span class='ocrx_word' id='word_1_130' title='bbox 1369 1528 1398 1582; x_wconf 91' lang='lat' dir='ltr'>ln</span> <span class='ocrx_word' id='word_1_131' title='bbox 1429 1527 1523 1582; x_wconf 87' lang='lat' dir='ltr'>littore</span> <span class='ocrx_word' id='word_1_132' title='bbox 1556 1529 1622 1578; x_wconf 71' lang='lat' dir='ltr'>stus-</span> 
     </span>
     <span class='ocr_line' id='line_1_14' title="bbox 323 1612 1621 1687; baseline -0.003 -13"><span class='ocrx_word' id='word_1_133' title='bbox 323 1617 448 1674; x_wconf 85' lang='lat' dir='ltr'>iurdensi</span> <span class='ocrx_word' id='word_1_134' title='bbox 467 1633 484 1670; x_wconf 83' lang='lat' dir='ltr'>a</span> <span class='ocrx_word' id='word_1_135' title='bbox 504 1615 530 1667; x_wconf 88' lang='lat' dir='ltr'>vi</span> <span class='ocrx_word' id='word_1_136' title='bbox 552 1612 674 1666; x_wconf 87' lang='lat' dir='ltr'>fluminis</span> <span class='ocrx_word' id='word_1_137' title='bbox 696 1623 738 1668; x_wconf 88' lang='lat' dir='ltr'>est</span> <span class='ocrx_word' id='word_1_138' title='bbox 759 1615 919 1687; x_wconf 79' lang='lat' dir='ltr'>absumpta,</span> <span class='ocrx_word' id='word_1_139' title='bbox 946 1615 1094 1673; x_wconf 78' lang='lat' dir='ltr'>Fortenses</span> <span class='ocrx_word' id='word_1_140' title='bbox 1114 1617 1251 1672; x_wconf 88' lang='lat' dir='ltr'>dederunt</span> <span class='ocrx_word' id='word_1_141' title='bbox 1269 1618 1412 1672; x_wconf 85' lang='lat' dir='ltr'>Eberlrero</span> <span class='ocrx_word' id='word_1_142' title='bbox 1432 1619 1501 1672; x_wconf 85' lang='lat' dir='ltr'>duas</span> <span class='ocrx_word' id='word_1_143' title='bbox 1522 1633 1621 1671; x_wconf 74' lang='lat' dir='ltr'>marcas</span> 
     </span>
     <span class='ocr_line' id='line_1_15' title="bbox 321 1701 1622 1780; baseline -0.005 -18"><span class='ocrx_word' id='word_1_144' title='bbox 321 1707 445 1780; x_wconf 76' lang='lat' dir='ltr'>argenti,</span> <span class='ocrx_word' id='word_1_145' title='bbox 470 1705 545 1775; x_wconf 88' lang='lat' dir='ltr'>quod</span> <span class='ocrx_word' id='word_1_146' title='bbox 574 1703 670 1758; x_wconf 87' lang='lat' dir='ltr'>eadem</span> <span class='ocrx_word' id='word_1_147' title='bbox 695 1710 797 1759; x_wconf 72' lang='lat' dir='ltr'>strata⁸</span> <span class='ocrx_word' id='word_1_148' title='bbox 825 1714 961 1776; x_wconf 90' lang='lat' dir='ltr'>perpetuo</span> <span class='ocrx_word' id='word_1_149' title='bbox 981 1701 1101 1762; x_wconf 78' lang='lat' dir='ltr'>debcat‘¹</span> <span class='ocrx_word' id='word_1_150' title='bbox 1126 1707 1209 1778; x_wconf 79' lang='lat' dir='ltr'>dirigi</span> <span class='ocrx_word' id='word_1_151' title='bbox 1228 1712 1257 1762; x_wconf 89' lang='lat' dir='ltr'>et</span> <span class='ocrx_word' id='word_1_152' title='bbox 1277 1707 1406 1778; x_wconf 84' lang='lat' dir='ltr'>protendi</span> <span class='ocrx_word' id='word_1_153' title='bbox 1427 1723 1477 1777; x_wconf 88' lang='lat' dir='ltr'>per</span> <span class='ocrx_word' id='word_1_154' title='bbox 1498 1706 1622 1760; x_wconf 84' lang='lat' dir='ltr'>adiacens</span> 
     </span>
     <span class='ocr_line' id='line_1_16' title="bbox 321 1794 1622 1870; baseline -0.005 -18"><span class='ocrx_word' id='word_1_155' title='bbox 321 1805 429 1870; x_wconf 81' lang='lat' dir='ltr'>pratum</span> <span class='ocrx_word' id='word_1_156' title='bbox 458 1794 591 1848; x_wconf 82' lang='lat' dir='ltr'>Eberheri</span> <span class='ocrx_word' id='word_1_157' title='bbox 622 1811 687 1864; x_wconf 90' lang='lat' dir='ltr'>sepe</span> <span class='ocrx_word' id='word_1_158' title='bbox 716 1794 785 1848; x_wconf 91' lang='lat' dir='ltr'>dicti</span> <span class='ocrx_word' id='word_1_159' title='bbox 816 1795 890 1849; x_wconf 86' lang='lat' dir='ltr'>infra</span> <span class='ocrx_word' id='word_1_160' title='bbox 920 1795 1027 1866; x_wconf 86' lang='lat' dir='ltr'>lapides</span> <span class='ocrx_word' id='word_1_161' title='bbox 1059 1797 1174 1852; x_wconf 82' lang='lat' dir='ltr'>metelos</span> <span class='ocrx_word' id='word_1_162' title='bbox 1204 1796 1308 1852; x_wconf 89' lang='lat' dir='ltr'>ibidem</span> <span class='ocrx_word' id='word_1_163' title='bbox 1339 1797 1367 1849; x_wconf 91' lang='lat' dir='ltr'>in</span> <span class='ocrx_word' id='word_1_164' title='bbox 1395 1795 1527 1866; x_wconf 80' lang='lat' dir='ltr'>contiguo</span> <span class='ocrx_word' id='word_1_165' title='bbox 1556 1795 1622 1848; x_wconf 89' lang='lat' dir='ltr'>sitos.</span> 
     </span>
     <span class='ocr_line' id='line_1_17' title="bbox 321 1884 1684 1956; baseline -0.007 -13"><span class='ocrx_word' id='word_1_166' title='bbox 321 1889 409 1944; x_wconf 88' lang='lat' dir='ltr'>Iidem</span> <span class='ocrx_word' id='word_1_167' title='bbox 439 1893 531 1940; x_wconf 87' lang='lat' dir='ltr'>autern</span> <span class='ocrx_word' id='word_1_168' title='bbox 564 1884 669 1954; x_wconf 87' lang='lat' dir='ltr'>lapides</span> <span class='ocrx_word' id='word_1_169' title='bbox 695 1884 757 1938; x_wconf 88' lang='lat' dir='ltr'>ideo</span> <span class='ocrx_word' id='word_1_170' title='bbox 783 1884 812 1937; x_wconf 89' lang='lat' dir='ltr'>in</span> <span class='ocrx_word' id='word_1_171' title='bbox 838 1891 955 1955; x_wconf 84' lang='lat' dir='ltr'>utraque</span> <span class='ocrx_word' id='word_1_172' title='bbox 976 1892 1054 1956; x_wconf 89' lang='lat' dir='ltr'>parte</span> <span class='ocrx_word' id='word_1_173' title='bbox 1074 1885 1196 1940; x_wconf 90' lang='lat' dir='ltr'>fluminis</span> <span class='ocrx_word' id='word_1_174' title='bbox 1217 1886 1300 1956; x_wconf 90' lang='lat' dir='ltr'>positi</span> <span class='ocrx_word' id='word_1_175' title='bbox 1320 1893 1385 1939; x_wconf 91' lang='lat' dir='ltr'>sunt</span> <span class='ocrx_word' id='word_1_176' title='bbox 1401 1885 1520 1954; x_wconf 80' lang='lat' dir='ltr'>ibidem,</span> <span class='ocrx_word' id='word_1_177' title='bbox 1541 1893 1585 1952; x_wconf 76' lang='lat' dir='ltr'>ut,</span> <span class='ocrx_word' id='word_1_178' title='bbox 1604 1884 1622 1936; x_wconf 87' lang='lat' dir='ltr'>si</span> <span class='ocrx_word' id='word_1_179' title='bbox 1683 1910 1684 1950; x_wconf 72' lang='lat'>1</span> 
     </span>
     <span class='ocr_line' id='line_1_18' title="bbox 322 1973 1621 2048; baseline -0.005 -16"><span class='ocrx_word' id='word_1_180' title='bbox 322 1978 433 2048; x_wconf 85' lang='lat' dir='ltr'>quando</span> <span class='ocrx_word' id='word_1_181' title='bbox 457 1976 534 2028; x_wconf 85' lang='lat' dir='ltr'>littus</span> <span class='ocrx_word' id='word_1_182' title='bbox 555 1973 730 2027; x_wconf 81' lang='lat' dir='ltr'>Portensium</span> <span class='ocrx_word' id='word_1_183' title='bbox 751 1975 902 2028; x_wconf 81' lang='lat' dir='ltr'>accreverit</span> <span class='ocrx_word' id='word_1_184' title='bbox 922 1982 951 2029; x_wconf 85' lang='lat' dir='ltr'>et</span> <span class='ocrx_word' id='word_1_185' title='bbox 980 1976 1077 2031; x_wconf 78' lang='lat' dir='ltr'>salices</span> <span class='ocrx_word' id='word_1_186' title='bbox 1107 1977 1136 2030; x_wconf 93' lang='lat' dir='ltr'>in</span> <span class='ocrx_word' id='word_1_187' title='bbox 1166 1977 1262 2030; x_wconf 86' lang='lat' dir='ltr'>codem</span> <span class='ocrx_word' id='word_1_188' title='bbox 1294 1975 1411 2030; x_wconf 78' lang='lat' dir='ltr'>fortasse</span> <span class='ocrx_word' id='word_1_189' title='bbox 1442 1975 1621 2028; x_wconf 78' lang='lat' dir='ltr'>succreverint</span> 
     </span>
     <span class='ocr_line' id='line_1_19' title="bbox 322 2063 1621 2135; baseline -0.005 -14"><span class='ocrx_word' id='word_1_190' title='bbox 322 2066 585 2132; x_wconf 79' lang='lat' dir='ltr'>titusfurdensesque</span> <span class='ocrx_word' id='word_1_191' title='bbox 613 2081 646 2116; x_wconf 88' lang='lat' dir='ltr'>ex</span> <span class='ocrx_word' id='word_1_192' title='bbox 671 2065 725 2117; x_wconf 90' lang='lat' dir='ltr'>hoc</span> <span class='ocrx_word' id='word_1_193' title='bbox 750 2063 871 2118; x_wconf 89' lang='lat' dir='ltr'>viderint</span> <span class='ocrx_word' id='word_1_194' title='bbox 898 2081 926 2118; x_wconf 87' lang='lat' dir='ltr'>se</span> <span class='ocrx_word' id='word_1_195' title='bbox 952 2065 1076 2135; x_wconf 81' lang='lat' dir='ltr'>gravari,</span> <span class='ocrx_word' id='word_1_196' title='bbox 1104 2065 1253 2120; x_wconf 85' lang='lat' dir='ltr'>Portcnses</span> <span class='ocrx_word' id='word_1_197' title='bbox 1278 2082 1295 2118; x_wconf 84' lang='lat' dir='ltr'>a</span> <span class='ocrx_word' id='word_1_198' title='bbox 1321 2063 1565 2118; x_wconf 73' lang='lat' dir='ltr'>Stusfurdensibus</span> <span class='ocrx_word' id='word_1_199' title='bbox 1583 2063 1621 2115; x_wconf 86' lang='lat' dir='ltr'>ad·</span> 
     </span>
     <span class='ocr_line' id='line_1_20' title="bbox 322 2151 1622 2223; baseline -0.004 -13"><span class='ocrx_word' id='word_1_200' title='bbox 322 2153 421 2210; x_wconf 90' lang='lat' dir='ltr'>moniti</span> <span class='ocrx_word' id='word_1_201' title='bbox 448 2153 557 2208; x_wconf 84' lang='lat' dir='ltr'>easdem</span> <span class='ocrx_word' id='word_1_202' title='bbox 586 2153 731 2206; x_wconf 80' lang='lat' dir='ltr'>succidant</span> <span class='ocrx_word' id='word_1_203' title='bbox 759 2152 858 2207; x_wconf 83' lang='lat' dir='ltr'>salices</span> <span class='ocrx_word' id='word_1_204' title='bbox 889 2161 918 2207; x_wconf 86' lang='lat' dir='ltr'>et</span> <span class='ocrx_word' id='word_1_205' title='bbox 945 2154 1155 2210; x_wconf 76' lang='lat' dir='ltr'>Stusfurdenses</span> <span class='ocrx_word' id='word_1_206' title='bbox 1182 2154 1325 2223; x_wconf 84' lang='lat' dir='ltr'>deponent</span> <span class='ocrx_word' id='word_1_207' title='bbox 1350 2159 1451 2207; x_wconf 82' lang='lat' dir='ltr'>terram</span> <span class='ocrx_word' id='word_1_208' title='bbox 1479 2169 1569 2222; x_wconf 85' lang='lat' dir='ltr'>usque</span> <span class='ocrx_word' id='word_1_209' title='bbox 1592 2151 1622 2204; x_wconf 81' lang='lat' dir='ltr'>ml</span> 
     </span>
     <span class='ocr_line' id='line_1_21' title="bbox 320 2241 1621 2314; baseline -0.006 -14"><span class='ocrx_word' id='word_1_210' title='bbox 320 2246 491 2300; x_wconf 85' lang='lat' dir='ltr'>vicinitatem</span> <span class='ocrx_word' id='word_1_211' title='bbox 514 2241 614 2312; x_wconf 85' lang='lat' dir='ltr'>lapidis</span> <span class='ocrx_word' id='word_1_212' title='bbox 633 2242 709 2296; x_wconf 80' lang='lat' dir='ltr'>iuxta</span> <span class='ocrx_word' id='word_1_213' title='bbox 730 2241 785 2311; x_wconf 87' lang='lat' dir='ltr'>siti,</span> <span class='ocrx_word' id='word_1_214' title='bbox 807 2243 849 2296; x_wconf 83' lang='lat' dir='ltr'>ita</span> <span class='ocrx_word' id='word_1_215' title='bbox 867 2249 974 2312; x_wconf 88' lang='lat' dir='ltr'>tamen,</span> <span class='ocrx_word' id='word_1_216' title='bbox 997 2244 1070 2314; x_wconf 88' lang='lat' dir='ltr'>quod</span> <span class='ocrx_word' id='word_1_217' title='bbox 1091 2243 1164 2298; x_wconf 88' lang='lat' dir='ltr'>idem</span> <span class='ocrx_word' id='word_1_218' title='bbox 1187 2243 1258 2313; x_wconf 88' lang='lat' dir='ltr'>lapis</span> <span class='ocrx_word' id='word_1_219' title='bbox 1278 2259 1328 2313; x_wconf 87' lang='lat' dir='ltr'>pre</span> <span class='ocrx_word' id='word_1_220' title='bbox 1349 2242 1377 2296; x_wconf 90' lang='lat' dir='ltr'>vi</span> <span class='ocrx_word' id='word_1_221' title='bbox 1398 2241 1521 2296; x_wconf 87' lang='lat' dir='ltr'>fluminis</span> <span class='ocrx_word' id='word_1_222' title='bbox 1543 2242 1621 2312; x_wconf 86' lang='lat' dir='ltr'>possit</span> 
     </span>
     <span class='ocr_line' id='line_1_22' title="bbox 320 2327 1624 2411; baseline -0.005 -21"><span class='ocrx_word' id='word_1_223' title='bbox 320 2345 399 2390; x_wconf 78' lang='lat' dir='ltr'>stare.</span> <span class='ocrx_word' id='word_1_224' title='bbox 440 2328 547 2390; x_wconf 90' lang='lat' dir='ltr'>Huius</span> <span class='ocrx_word' id='word_1_225' title='bbox 580 2328 625 2390; x_wconf 89' lang='lat' dir='ltr'>rei</span> <span class='ocrx_word' id='word_1_226' title='bbox 655 2333 751 2390; x_wconf 86' lang='lat' dir='ltr'>testes</span> <span class='ocrx_word' id='word_1_227' title='bbox 776 2333 850 2391; x_wconf 89' lang='lat' dir='ltr'>sunt</span> <span class='ocrx_word' id='word_1_228' title='bbox 877 2329 1104 2411; x_wconf 87' lang='lat' dir='ltr'>compositores</span> <span class='ocrx_word' id='word_1_229' title='bbox 1125 2327 1308 2390; x_wconf 82' lang='lat' dir='ltr'>amicabiles</span> <span class='ocrx_word' id='word_1_230' title='bbox 1330 2346 1426 2409; x_wconf 85' lang='lat' dir='ltr'>supra</span> <span class='ocrx_word' id='word_1_231' title='bbox 1446 2327 1565 2408; x_wconf 76' lang='lat' dir='ltr'>scripti,</span> <span class='ocrx_word' id='word_1_232' title='bbox 1585 2332 1624 2384; x_wconf 87' lang='lat' dir='ltr'>in-</span> 
     </span>
     <span class='ocr_line' id='line_1_23' title="bbox 321 2419 1623 2496; baseline -0.004 -18"><span class='ocrx_word' id='word_1_233' title='bbox 321 2442 404 2496; x_wconf 82' lang='lat' dir='ltr'>super</span> <span class='ocrx_word' id='word_1_234' title='bbox 434 2431 461 2476; x_wconf 90' lang='lat' dir='ltr'>et</span> <span class='ocrx_word' id='word_1_235' title='bbox 494 2419 693 2474; x_wconf 75' lang='lat' dir='ltr'>cunemundus</span> <span class='ocrx_word' id='word_1_236' title='bbox 723 2423 757 2476; x_wconf 90' lang='lat' dir='ltr'>de</span> <span class='ocrx_word' id='word_1_237' title='bbox 788 2422 871 2492; x_wconf 78' lang='lat' dir='ltr'>billa,</span> <span class='ocrx_word' id='word_1_238' title='bbox 910 2423 1058 2477; x_wconf 79' lang='lat' dir='ltr'>Heinricus</span> <span class='ocrx_word' id='word_1_239' title='bbox 1094 2424 1227 2494; x_wconf 86' lang='lat' dir='ltr'>pincerna</span> <span class='ocrx_word' id='word_1_240' title='bbox 1259 2425 1293 2478; x_wconf 94' lang='lat' dir='ltr'>de</span> <span class='ocrx_word' id='word_1_241' title='bbox 1325 2423 1450 2493; x_wconf 79' lang='lat' dir='ltr'>Apolde,</span> <span class='ocrx_word' id='word_1_242' title='bbox 1479 2421 1623 2476; x_wconf 82' lang='lat' dir='ltr'>Heinricns</span> 
     </span>
     <span class='ocr_line' id='line_1_24' title="bbox 321 2505 1624 2590; baseline -0.005 -18"><span class='ocrx_word' id='word_1_243' title='bbox 321 2509 471 2590; x_wconf 76' lang='lat' dir='ltr'>magister</span> <span class='ocrx_word' id='word_1_244' title='bbox 491 2507 627 2568; x_wconf 85' lang='lat' dir='ltr'>forensis</span> <span class='ocrx_word' id='word_1_245' title='bbox 642 2507 674 2568; x_wconf 89' lang='lat' dir='ltr'>in</span> <span class='ocrx_word' id='word_1_246' title='bbox 687 2505 901 2586; x_wconf 70' lang='lat' dir='ltr'>Wissensehe</span> <span class='ocrx_word' id='word_1_247' title='bbox 920 2507 1303 2586; x_wconf 68' lang='lat' dir='ltr'>Nenaenrennusmilites,</span> <span class='ocrx_word' id='word_1_248' title='bbox 1325 2505 1624 2580; x_wconf 75' lang='lat' dir='ltr'>HeinricusHuclro,</span> 
     </span>
     <span class='ocr_line' id='line_1_25' title="bbox 320 2585 1685 2672; baseline -0.002 -13"><span class='ocrx_word' id='word_1_249' title='bbox 320 2602 510 2659; x_wconf 75' lang='lat' dir='ltr'>&#39;l&#39;heodcricus</span> <span class='ocrx_word' id='word_1_250' title='bbox 525 2599 643 2655; x_wconf 63' lang='lat' dir='ltr'>Calvum</span> <span class='ocrx_word' id='word_1_251' title='bbox 666 2603 700 2655; x_wconf 91' lang='lat' dir='ltr'>de</span> <span class='ocrx_word' id='word_1_252' title='bbox 722 2602 840 2672; x_wconf 77' lang='lat' dir='ltr'>Gebesc,</span> <span class='ocrx_word' id='word_1_253' title='bbox 862 2603 948 2657; x_wconf 83' lang='lat' dir='ltr'>frater</span> <span class='ocrx_word' id='word_1_254' title='bbox 967 2603 1200 2672; x_wconf 87' lang='lat' dir='ltr'>suusBertoldus‚</span> <span class='ocrx_word' id='word_1_255' title='bbox 1221 2597 1428 2661; x_wconf 76' lang='lat' dir='ltr'>Eckehardus</span> <span class='ocrx_word' id='word_1_256' title='bbox 1443 2595 1484 2659; x_wconf 82' lang='lat' dir='ltr'>dc</span> <span class='ocrx_word' id='word_1_257' title='bbox 1496 2595 1623 2659; x_wconf 76' lang='lat' dir='ltr'>Getes-u.</span> <span class='ocrx_word' id='word_1_258' title='bbox 1684 2585 1685 2636; x_wconf 67' lang='lat' dir='ltr'>i</span> 
     </span>
     <span class='ocr_line' id='line_1_26' title="bbox 321 2685 1624 2770; baseline -0.005 -18"><span class='ocrx_word' id='word_1_259' title='bbox 321 2686 508 2752; x_wconf 86' lang='lat' dir='ltr'>Herbordus</span> <span class='ocrx_word' id='word_1_260' title='bbox 530 2685 568 2748; x_wconf 87' lang='lat' dir='ltr'>de</span> <span class='ocrx_word' id='word_1_261' title='bbox 579 2685 910 2764; x_wconf 76' lang='lat' dir='ltr'>Hentnscbusleubem</span> <span class='ocrx_word' id='word_1_262' title='bbox 929 2687 1138 2770; x_wconf 80' lang='lat' dir='ltr'>Hartlrungus</span> <span class='ocrx_word' id='word_1_263' title='bbox 1160 2688 1199 2751; x_wconf 92' lang='lat' dir='ltr'>de</span> <span class='ocrx_word' id='word_1_264' title='bbox 1216 2687 1381 2751; x_wconf 80' lang='lat' dir='ltr'>Stasiorde</span> <span class='ocrx_word' id='word_1_265' title='bbox 1402 2685 1509 2749; x_wconf 85' lang='lat' dir='ltr'>etalii</span> <span class='ocrx_word' id='word_1_266' title='bbox 1532 2703 1624 2765; x_wconf 83' lang='lat' dir='ltr'>quam</span> 
     </span>
     <span class='ocr_line' id='line_1_27' title="bbox 321 2775 1622 2862; baseline -0.005 -23"><span class='ocrx_word' id='word_1_267' title='bbox 321 2779 438 2862; x_wconf 80' lang='lat' dir='ltr'>plures.</span> <span class='ocrx_word' id='word_1_268' title='bbox 469 2776 507 2838; x_wconf 90' lang='lat' dir='ltr'>In</span> <span class='ocrx_word' id='word_1_269' title='bbox 529 2775 624 2837; x_wconf 73' lang='lat' dir='ltr'>binus</span> <span class='ocrx_word' id='word_1_270' title='bbox 646 2775 691 2837; x_wconf 91' lang='lat' dir='ltr'>rei</span> <span class='ocrx_word' id='word_1_271' title='bbox 712 2776 936 2840; x_wconf 86' lang='lat' dir='ltr'>certitudinem</span> <span class='ocrx_word' id='word_1_272' title='bbox 955 2776 1131 2860; x_wconf 89' lang='lat' dir='ltr'>pleniorem</span> <span class='ocrx_word' id='word_1_273' title='bbox 1151 2782 1184 2841; x_wconf 90' lang='lat' dir='ltr'>et</span> <span class='ocrx_word' id='word_1_274' title='bbox 1202 2778 1387 2840; x_wconf 89' lang='lat' dir='ltr'>memoriam</span> <span class='ocrx_word' id='word_1_275' title='bbox 1402 2777 1622 2858; x_wconf 84' lang='lat' dir='ltr'>sempiternam</span> 
     </span>
     <span class='ocr_line' id='line_1_28' title="bbox 321 2866 1624 2951; baseline -0.008 -21"><span class='ocrx_word' id='word_1_276' title='bbox 321 2886 452 2951; x_wconf 81' lang='lat' dir='ltr'>presens</span> <span class='ocrx_word' id='word_1_277' title='bbox 487 2867 735 2927; x_wconf 86' lang='lat' dir='ltr'>instrumentum</span> <span class='ocrx_word' id='word_1_278' title='bbox 773 2867 964 2930; x_wconf 89' lang='lat' dir='ltr'>communiri</span> <span class='ocrx_word' id='word_1_279' title='bbox 1000 2868 1152 2930; x_wconf 84' lang='lat' dir='ltr'>iussimus</span> <span class='ocrx_word' id='word_1_280' title='bbox 1190 2866 1293 2948; x_wconf 83' lang='lat' dir='ltr'>sigillo</span> <span class='ocrx_word' id='word_1_281' title='bbox 1325 2871 1434 2928; x_wconf 85' lang='lat' dir='ltr'>nostro</span> <span class='ocrx_word' id='word_1_282' title='bbox 1466 2871 1499 2928; x_wconf 89' lang='lat' dir='ltr'>et</span> <span class='ocrx_word' id='word_1_283' title='bbox 1528 2869 1624 2940; x_wconf 78' lang='lat' dir='ltr'>sigillis</span> 
     </span>
     <span class='ocr_line' id='line_1_29' title="bbox 320 2954 1622 3034; baseline -0.002 -18"><span class='ocrx_word' id='word_1_284' title='bbox 320 2981 431 3032; x_wconf 84' lang='lat' dir='ltr'>corum,</span> <span class='ocrx_word' id='word_1_285' title='bbox 460 2979 576 3032; x_wconf 87' lang='lat' dir='ltr'>quorum</span> <span class='ocrx_word' id='word_1_286' title='bbox 605 2960 718 3015; x_wconf 86' lang='lat' dir='ltr'>nomina</span> <span class='ocrx_word' id='word_1_287' title='bbox 745 2968 810 3015; x_wconf 89' lang='lat' dir='ltr'>sunt</span> <span class='ocrx_word' id='word_1_288' title='bbox 836 2962 1008 3033; x_wconf 86' lang='lat' dir='ltr'>subscripta,</span> <span class='ocrx_word' id='word_1_289' title='bbox 1035 2955 1187 3020; x_wconf 80' lang='lat' dir='ltr'>Fridericl</span> <span class='ocrx_word' id='word_1_290' title='bbox 1216 2956 1341 3019; x_wconf 77' lang='lat' dir='ltr'>comitis</span> <span class='ocrx_word' id='word_1_291' title='bbox 1372 2954 1411 3017; x_wconf 83' lang='lat' dir='ltr'>de</span> <span class='ocrx_word' id='word_1_292' title='bbox 1437 2954 1622 3034; x_wconf 79' lang='lat' dir='ltr'>Bichlingen</span> 
     </span>
     <span class='ocr_line' id='line_1_30' title="bbox 320 3044 1624 3129; baseline -0.005 -20"><span class='ocrx_word' id='word_1_293' title='bbox 320 3047 468 3122; x_wconf 64' lang='lat' dir='ltr'>senioris</span> <span class='ocrx_word' id='word_1_294' title='bbox 498 3044 682 3108; x_wconf 82' lang='lat' dir='ltr'>Theoderici</span> <span class='ocrx_word' id='word_1_295' title='bbox 712 3045 751 3108; x_wconf 90' lang='lat' dir='ltr'>de</span> <span class='ocrx_word' id='word_1_296' title='bbox 779 3045 956 3129; x_wconf 76' lang='lat' dir='ltr'>Vigebech‚</span> <span class='ocrx_word' id='word_1_297' title='bbox 984 3045 1208 3129; x_wconf 77' lang='lat' dir='ltr'>Lewinheupt,</span> <span class='ocrx_word' id='word_1_298' title='bbox 1237 3049 1341 3105; x_wconf 82' lang='lat' dir='ltr'>Lutotfi</span> <span class='ocrx_word' id='word_1_299' title='bbox 1367 3052 1403 3104; x_wconf 86' lang='lat' dir='ltr'>de</span> <span class='ocrx_word' id='word_1_300' title='bbox 1427 3049 1624 3116; x_wconf 76' lang='lat' dir='ltr'>Stuterabsim</span> 
     </span>
     <span class='ocr_line' id='line_1_31' title="bbox 320 3134 1624 3210; baseline -0.002 -14"><span class='ocrx_word' id='word_1_301' title='bbox 320 3141 445 3196; x_wconf 88' lang='lat' dir='ltr'>Bertoldi</span> <span class='ocrx_word' id='word_1_302' title='bbox 466 3138 633 3194; x_wconf 83' lang='lat' dir='ltr'>vicedomini</span> <span class='ocrx_word' id='word_1_303' title='bbox 655 3141 689 3193; x_wconf 92' lang='lat' dir='ltr'>de</span> <span class='ocrx_word' id='word_1_304' title='bbox 710 3139 829 3210; x_wconf 68' lang='lat' dir='ltr'>Apolde,</span> <span class='ocrx_word' id='word_1_305' title='bbox 849 3135 1004 3199; x_wconf 77' lang='lat' dir='ltr'>Eberheri</span> <span class='ocrx_word' id='word_1_306' title='bbox 1026 3137 1064 3200; x_wconf 79' lang='lat' dir='ltr'>dc</span> <span class='ocrx_word' id='word_1_307' title='bbox 1082 3134 1173 3199; x_wconf 70' lang='lat' dir='ltr'>Salsa</span> <span class='ocrx_word' id='word_1_308' title='bbox 1193 3148 1222 3195; x_wconf 88' lang='lat' dir='ltr'>et</span> <span class='ocrx_word' id='word_1_309' title='bbox 1242 3140 1352 3195; x_wconf 85' lang='lat' dir='ltr'>abbatis</span> <span class='ocrx_word' id='word_1_310' title='bbox 1370 3141 1404 3194; x_wconf 91' lang='lat' dir='ltr'>de</span> <span class='ocrx_word' id='word_1_311' title='bbox 1419 3139 1513 3194; x_wconf 79' lang='lat' dir='ltr'>Porta</span> <span class='ocrx_word' id='word_1_312' title='bbox 1545 3134 1624 3196; x_wconf 84' lang='lat' dir='ltr'>Acta</span> 
     </span>
     <span class='ocr_line' id='line_1_32' title="bbox 294 3224 1324 3299; baseline -0.005 -11"><span class='ocrx_word' id='word_1_313' title='bbox 294 3232 396 3289; x_wconf 65' lang='lat' dir='ltr'>ratini</span> <span class='ocrx_word' id='word_1_314' title='bbox 417 3227 474 3288; x_wconf 83' lang='lat' dir='ltr'>hec</span> <span class='ocrx_word' id='word_1_315' title='bbox 497 3243 580 3286; x_wconf 81' lang='lat' dir='ltr'>anno</span> <span class='ocrx_word' id='word_1_316' title='bbox 603 3224 723 3286; x_wconf 84' lang='lat' dir='ltr'>domini</span> <span class='ocrx_word' id='word_1_317' title='bbox 746 3233 968 3299; x_wconf 80' lang='lat' dir='ltr'><strong>M⁰CO⁰LXVL</strong></span> <span class='ocrx_word' id='word_1_318' title='bbox 992 3231 1020 3285; x_wconf 91' lang='grc' dir='ltr'>ΙΙ</span> <span class='ocrx_word' id='word_1_319' title='bbox 1043 3249 1131 3286; x_wconf 86' lang='lat' dir='ltr'>nonas</span> <span class='ocrx_word' id='word_1_320' title='bbox 1153 3230 1324 3286; x_wconf 88' lang='lat' dir='ltr'>Novembris.</span> 
     </span>
    </p>

    <p class='ocr_par' dir='ltr' id='par_1_3' title="bbox 319 3311 1626 3757">
     <span class='ocr_line' id='line_1_33' title="bbox 401 3311 1625 3399; baseline -0.005 -19"><span class='ocrx_word' id='word_1_321' title='bbox 401 3315 445 3380; x_wconf 91' lang='lat' dir='ltr'>Ut</span> <span class='ocrx_word' id='word_1_322' title='bbox 464 3317 562 3398; x_wconf 87' lang='lat' dir='ltr'>igitur</span> <span class='ocrx_word' id='word_1_323' title='bbox 581 3316 640 3378; x_wconf 91' lang='lat' dir='ltr'>bec</span> <span class='ocrx_word' id='word_1_324' title='bbox 661 3321 771 3378; x_wconf 85' lang='lat' dir='ltr'>nostra</span> <span class='ocrx_word' id='word_1_325' title='bbox 791 3317 971 3398; x_wconf 83' lang='lat' dir='ltr'>recognicio</span> <span class='ocrx_word' id='word_1_326' title='bbox 992 3321 1024 3379; x_wconf 89' lang='lat' dir='ltr'>et</span> <span class='ocrx_word' id='word_1_327' title='bbox 1045 3316 1234 3399; x_wconf 84' lang='lat' dir='ltr'>protestaeio</span> <span class='ocrx_word' id='word_1_328' title='bbox 1255 3313 1354 3377; x_wconf 90' lang='lat' dir='ltr'>robur</span> <span class='ocrx_word' id='word_1_329' title='bbox 1368 3313 1510 3377; x_wconf 85' lang='lat' dir='ltr'>obtineat</span> <span class='ocrx_word' id='word_1_330' title='bbox 1524 3311 1625 3374; x_wconf 84' lang='lat' dir='ltr'>firmi-</span> 
     </span>
     <span class='ocr_line' id='line_1_34' title="bbox 320 3404 1624 3489; baseline -0.005 -19"><span class='ocrx_word' id='word_1_331' title='bbox 320 3407 406 3484; x_wconf 79' lang='lat' dir='ltr'>tans,</span> <span class='ocrx_word' id='word_1_332' title='bbox 441 3411 621 3488; x_wconf 84' lang='lat' dir='ltr'>presentem</span> <span class='ocrx_word' id='word_1_333' title='bbox 658 3406 807 3486; x_wconf 81' lang='lat' dir='ltr'>paginam</span> <span class='ocrx_word' id='word_1_334' title='bbox 843 3405 958 3468; x_wconf 84' lang='lat' dir='ltr'>abinde</span> <span class='ocrx_word' id='word_1_335' title='bbox 989 3407 1201 3489; x_wconf 85' lang='lat' dir='ltr'>conscriptam</span> <span class='ocrx_word' id='word_1_336' title='bbox 1231 3404 1407 3486; x_wconf 86' lang='lat' dir='ltr'>sigillorum</span> <span class='ocrx_word' id='word_1_337' title='bbox 1445 3407 1624 3466; x_wconf 83' lang='lat' dir='ltr'>nostrorum</span> 
     </span>
     <span class='ocr_line' id='line_1_35' title="bbox 319 3491 1626 3579; baseline -0.003 -21"><span class='ocrx_word' id='word_1_338' title='bbox 319 3495 567 3579; x_wconf 86' lang='lat' dir='ltr'>appensionibus</span> <span class='ocrx_word' id='word_1_339' title='bbox 587 3495 739 3557; x_wconf 87' lang='lat' dir='ltr'>iussimus</span> <span class='ocrx_word' id='word_1_340' title='bbox 760 3495 902 3558; x_wconf 87' lang='lat' dir='ltr'>roborari</span> <span class='ocrx_word' id='word_1_341' title='bbox 924 3514 962 3558; x_wconf 89' lang='lat' dir='ltr'>ac</span> <span class='ocrx_word' id='word_1_342' title='bbox 982 3496 1116 3558; x_wconf 90' lang='lat' dir='ltr'>eandem</span> <span class='ocrx_word' id='word_1_343' title='bbox 1128 3495 1258 3558; x_wconf 92' lang='lat' dir='ltr'>domino</span> <span class='ocrx_word' id='word_1_344' title='bbox 1270 3493 1431 3557; x_wconf 70' lang='lat' dir='ltr'>miserico</span> <span class='ocrx_word' id='word_1_345' title='bbox 1454 3493 1493 3556; x_wconf 90' lang='lat' dir='ltr'>de</span> <span class='ocrx_word' id='word_1_346' title='bbox 1505 3491 1626 3555; x_wconf 87' lang='lat' dir='ltr'>Kinde-</span> 
     </span>
     <span class='ocr_line' id='line_1_36' title="bbox 320 3581 1625 3666; baseline -0.004 -18"><span class='ocrx_word' id='word_1_347' title='bbox 320 3586 420 3649; x_wconf 89' lang='lat' dir='ltr'>husen</span> <span class='ocrx_word' id='word_1_348' title='bbox 450 3585 482 3649; x_wconf 90' lang='lat' dir='ltr'>et</span> <span class='ocrx_word' id='word_1_349' title='bbox 507 3584 636 3646; x_wconf 89' lang='lat' dir='ltr'>domino</span> <span class='ocrx_word' id='word_1_350' title='bbox 659 3583 801 3647; x_wconf 81' lang='lat' dir='ltr'>Giselero</span> <span class='ocrx_word' id='word_1_351' title='bbox 823 3584 863 3646; x_wconf 90' lang='lat' dir='ltr'>de</span> <span class='ocrx_word' id='word_1_352' title='bbox 882 3584 1053 3648; x_wconf 82' lang='lat' dir='ltr'>Tullestete</span> <span class='ocrx_word' id='word_1_353' title='bbox 1076 3584 1232 3647; x_wconf 89' lang='lat' dir='ltr'>militibus</span> <span class='ocrx_word' id='word_1_354' title='bbox 1253 3601 1350 3666; x_wconf 87' lang='lat' dir='ltr'>supra</span> <span class='ocrx_word' id='word_1_355' title='bbox 1366 3581 1460 3644; x_wconf 86' lang='lat' dir='ltr'>dictis</span> <span class='ocrx_word' id='word_1_356' title='bbox 1481 3581 1625 3664; x_wconf 76' lang='lat' dir='ltr'>pomeri·</span> 
     </span>
     <span class='ocr_line' id='line_1_37' title="bbox 319 3673 1188 3757; baseline -0.003 -18"><span class='ocrx_word' id='word_1_357' title='bbox 319 3695 392 3740; x_wconf 87' lang='lat' dir='ltr'>mus</span> <span class='ocrx_word' id='word_1_358' title='bbox 409 3674 644 3738; x_wconf 82' lang='lat' dir='ltr'>reservandam.</span> <span class='ocrx_word' id='word_1_359' title='bbox 684 3675 767 3737; x_wconf 86' lang='lat' dir='ltr'>Acte</span> <span class='ocrx_word' id='word_1_360' title='bbox 786 3693 869 3736; x_wconf 87' lang='lat' dir='ltr'>anno</span> <span class='ocrx_word' id='word_1_361' title='bbox 891 3674 1012 3737; x_wconf 91' lang='lat' dir='ltr'>domini</span> <span class='ocrx_word' id='word_1_362' title='bbox 1034 3673 1188 3757; x_wconf 85' lang='lat' dir='ltr'>prelibato</span> 
     </span>
    </p>
   </div>
   <div class='ocr_carea' id='block_1_3' title="bbox 319 3803 1627 4028">
    <p class='ocr_par' dir='ltr' id='par_1_4' title="bbox 319 3803 1627 4028">
     <span class='ocr_line' id='line_1_38' title="bbox 389 3803 1625 3876; baseline -0.006 -8"><span class='ocrx_word' id='word_1_363' title='bbox 389 3813 401 3841; x_wconf 83' lang='lat'><strong>¹</strong></span> <span class='ocrx_word' id='word_1_364' title='bbox 428 3810 547 3868; x_wconf 70' lang='lat' dir='ltr'>abendo</span> <span class='ocrx_word' id='word_1_365' title='bbox 572 3812 704 3867; x_wconf 73' lang='lat' dir='ltr'>Dreoer</span> <span class='ocrx_word' id='word_1_366' title='bbox 785 3804 798 3843; x_wconf 81' lang='lat'>¹³</span> <span class='ocrx_word' id='word_1_367' title='bbox 825 3811 982 3866; x_wconf 72' lang='lat' dir='ltr'>Eberherus</span> <span class='ocrx_word' id='word_1_368' title='bbox 1008 3817 1103 3866; x_wconf 75' lang='lat' dir='ltr'>suam</span> <span class='ocrx_word' id='word_1_369' title='bbox 1129 3817 1158 3866; x_wconf 78' lang='lat' dir='ltr'>et</span> <span class='ocrx_word' id='word_1_370' title='bbox 1185 3809 1396 3866; x_wconf 71' lang='lat' dir='ltr'>stunmdenses</span> <span class='ocrx_word' id='word_1_371' title='bbox 1426 3809 1492 3876; x_wconf 73' lang='lat' dir='ltr'>serni</span> <span class='ocrx_word' id='word_1_372' title='bbox 1522 3803 1625 3861; x_wconf 64' lang='lat' dir='ltr'>Tenet</span> 
     </span>
     <span class='ocr_line' id='line_1_39' title="bbox 319 3877 1627 4028; baseline -0.005 -82"><span class='ocrx_word' id='word_1_373' title='bbox 319 3891 513 4028; x_wconf 48' lang='grc' dir='ltr'>ἓαιΐὲηιῖιὸιὸιὲε</span> <span class='ocrx_word' id='word_1_374' title='bbox 541 3923 572 3932; x_wconf 89' lang='grc'>-</span> <span class='ocrx_word' id='word_1_375' title='bbox 600 3897 689 3946; x_wconf 87' lang='lat' dir='ltr'>strata</span> <span class='ocrx_word' id='word_1_376' title='bbox 728 3893 795 3962; x_wconf 83' lang='lat' dir='ltr'>sebit</span> <span class='ocrx_word' id='word_1_377' title='bbox 832 3883 931 3946; x_wconf 74' lang='lat' dir='ltr'><em>T303¹¹</em></span> <span class='ocrx_word' id='word_1_378' title='bbox 1022 3884 1035 3921; x_wconf 84' lang='lat'>‘¹</span> <span class='ocrx_word' id='word_1_379' title='bbox 1064 3891 1147 3946; x_wconf 88' lang='lat' dir='ltr'>debet</span> <span class='ocrx_word' id='word_1_380' title='bbox 1179 3883 1280 3946; x_wconf 70' lang='lat' dir='ltr'>T303b</span> <span class='ocrx_word' id='word_1_381' title='bbox 1368 3901 1379 3930; x_wconf 79' lang='lat'>⁸</span> <span class='ocrx_word' id='word_1_382' title='bbox 1407 3888 1491 3943; x_wconf 81' lang='lat' dir='ltr'>Calue</span> <span class='ocrx_word' id='word_1_383' title='bbox 1519 3877 1627 3941; x_wconf 69' lang='lat' dir='ltr'>Titob</span> 
     </span>
    </p>
   </div>
   <div class='ocr_carea' id='block_1_4' title="bbox 421 4091 1625 4269">
    <p class='ocr_par' dir='ltr' id='par_1_5' title="bbox 421 4091 1625 4269">
     <span class='ocr_line' id='line_1_40' title="bbox 440 4091 1625 4171; baseline -0.004 -12"><span class='ocrx_word' id='word_1_384' title='bbox 440 4097 534 4160; x_wconf 76' lang='lat' dir='ltr'>dnm.</span> <span class='ocrx_word' id='word_1_385' title='bbox 571 4091 682 4159; x_wconf 76' lang='lat' dir='ltr'>Duroir</span> <span class='ocrx_word' id='word_1_386' title='bbox 712 4093 926 4160; x_wconf 79' lang='lat' dir='ltr'>Petit-Druck</span> <span class='ocrx_word' id='word_1_387' title='bbox 952 4095 1026 4160; x_wconf 79' lang='lat' dir='ltr'>eiad</span> <span class='ocrx_word' id='word_1_388' title='bbox 1051 4096 1102 4160; x_wconf 84' lang='lat' dir='ltr'>die</span> <span class='ocrx_word' id='word_1_389' title='bbox 1127 4093 1348 4158; x_wconf 78' lang='lat' dir='ltr'>erbebliclrerea</span> <span class='ocrx_word' id='word_1_390' title='bbox 1376 4092 1625 4171; x_wconf 73' lang='lat' dir='ltr'>Abweictenyen</span> 
     </span>
     <span class='ocr_line' id='line_1_41' title="bbox 421 4185 1461 4269; baseline 0 -19"><span class='ocrx_word' id='word_1_391' title='bbox 421 4207 479 4250; x_wconf 81' lang='lat' dir='ltr'>corr</span> <span class='ocrx_word' id='word_1_392' title='bbox 500 4187 555 4250; x_wconf 75' lang='lat' dir='ltr'>der</span> <span class='ocrx_word' id='word_1_393' title='bbox 576 4190 676 4250; x_wconf 80' lang='lat' dir='ltr'>ersten</span> <span class='ocrx_word' id='word_1_394' title='bbox 697 4187 929 4269; x_wconf 72' lang='lat' dir='ltr'>Ausfertr&#39;panp</span> <span class='ocrx_word' id='word_1_395' title='bbox 948 4185 1025 4268; x_wconf 82' lang='lat' dir='ltr'>(Nr.</span> <span class='ocrx_word' id='word_1_396' title='bbox 1037 4190 1117 4267; x_wconf 84' lang='lat'><em>190)</em></span> <span class='ocrx_word' id='word_1_397' title='bbox 1138 4187 1295 4252; x_wconf 67' lang='lat' dir='ltr'>tanaitica</span> <span class='ocrx_word' id='word_1_398' title='bbox 1313 4186 1461 4267; x_wconf 69' lang='lat' dir='ltr'>pertracti.</span> 
     </span>
    </p>
   </div>
   <div class='ocr_carea' id='block_1_5' title="bbox 0 0 1704 5148">
    <p class='ocr_par' dir='ltr' id='par_1_6' title="bbox 0 0 1704 5148">
     <span class='ocr_line' id='line_1_42' title="bbox 0 0 1704 5148; baseline 0 0"><span class='ocrx_word' id='word_1_399' title='bbox 0 0 1704 5148; x_wconf 95' lang='lat' dir='ltr'> </span> 
     </span>
    </p>
   </div>
  </div>
 </body>
</html>
