3392 5150
329 364 381 420 262
708 363 938 420 Urlrundenbuch
957 363 1005 418 dee
1023 361 1148 418 Klosters
1167 362 1268 418 Plorte.

330 514 434 599 1277.
462 514 589 616 april
615 515 679 597 24.
1546 511 1620 595 tot.
1680 563 1681 588 1

417 649 572 730 Verpleicb
591 649 742 715 zwiseben
760 650 819 713 den
837 645 983 713 Klestere
1004 649 1113 730 Pfon‘e
1131 648 1199 713 ond
1220 647 1388 730 Hettsdorl'
1402 648 1479 712 iiber
1499 649 1550 711 ein
1568 648 1620 712 deu

370 737 496 804 Kbster
511 739 680 820 Heresdorf
693 739 858 820 celebriores,
878 737 938 802 den
959 737 1084 802 Betrieb
1105 739 1161 802 der
1183 737 1294 801 Mente
1313 737 1367 802 cles
1387 735 1515 802 Kloster
1533 737 1622 818 Psortr

371 847 412 894 eu
437 827 616 894 Obertrebra
635 829 792 893 1111111111
816 827 909 892 wear
929 827 965 890 io
984 827 1040 891 der
1061 827 1131 891 Ilm.

482 947 616 1002 Harma.-
636 947 680 1002 Or.
698 945 774 1016 Ρη.
792 950 810 1000 3
826 945 872 1014 Sp.
897 949 924 1014 1)
944 944 989 1000 dee
1009 947 1088 1000 Abies
1109 962 1160 1000 con
1180 945 1283 1013 Psorte,
1306 963 1352 1000 am
1366 946 1464 1002 Rande
1481 943 1620 1012 beecbddt'et
1681 965 1682 986 1

529 1030 559 1095 2)
571 1025 616 1081 dea
635 1023 777 1095 mopsml
794 1043 845 1080 ton
862 1023 1015 1092 chedorf,
1046 1023 1209 1094 beecbffliot,
1237 1026 1266 1092 3)
1286 1023 1332 1079 dea
1351 1025 1490 1080 8111111111
1507 1023 1620 1078 Heire'icl
1681 1019 1682 1024 ’

531 1123 582 1161 oon
595 1106 703 1175 Apoldo
721 1106 815 1172 (Helm
832 1105 882 1160 mit
900 1105 1000 1171 Buccis,
1019 1105 1094 1159 nieht
1112 1105 1162 1158 mit
1178 1108 1197 1158 2
1216 1105 1339 1174 Aepfequ
1357 1105 1406 1160 wie
1425 1105 1496 1160 111111
1511 1103 1621 1172 cepidi),

532 1203 587 1241 mn
598 1193 666 1242 droa
683 1203 733 1241 zur
743 1185 840 1254 Hdlfie
859 1185 986 1240 erbalten.
1013 1185 1131 1238 Weimar
1144 1185 1183 1242 St.
1196 1185 1297 1242 A.-D
1306 1175 1361 1239 tol
1379 1187 1431 1252 (tit.
1438 1182 1622 1241 Obert-reberoi.

483 1291 605 1346 Diserte:
627 1291 710 1370 lber.
722 1296 854 1349 11111358.
875 1291 1009 1345 lluttecb:
1035 1289 1164 1357 Wolfflf,
1182 1295 1242 1344 200.
1267 1290 1321 1360 Vnt
1334 1291 1538 1362 Sclrbttpmw.
1558 1289 1622 1350 Reii,

535 1372 826 1438 Tbm.mcr.II,172.
1682 1449 1683 1458 ἵ

1682 1469 1683 1506 l

412 1499 478 1562 Nos
492 1495 837 1580 iraterTlrleodericusl
855 1499 961 1578 abbas,
981 1497 1163 1580 lothamresl
1186 1499 1272 1582 prior
1293 1506 1442 1580 totusque
1463 1507 1624 1562 conventus

332 1588 370 1651 de
386 1587 492 1667 Porta,
515 1586 712 1669 H[ein1icus]
729 1592 907 1673 prepositus
925 1595 956 1653 et
970 1589 1026 1652 Η.2
1045 1590 1194 1672 priorissa
1208 1595 1357 1670 totusque
1375 1595 1550 1652 conventus
1565 1605 1624 1650 san-

331 1677 561 1742 ctimonialium
582 1678 616 1742 in
637 1677 812 1761 Husdorph
833 1685 943 1743 tenore
963 1681 1159 1763 presentium
1180 1679 1440 1760 recognoscimus
1461 1684 1493 1740 et
1512 1675 1625 1760 publico

330 1771 555 1850 protestamur,
583 1767 669 1850 quod
689 1769 919 1846 controversie,
941 1787 1003 1850 que
1024 1770 1107 1832 inter
1128 1768 1320 1832 monasteria
1339 1771 1449 1830 nostra
1470 1764 1625 1830 hincinde

332 1855 515 1920 vertebatur
530 1876 626 1940 super
643 1858 781 1940 quodem
797 1857 1013 1942 inpedimento
1030 1863 1154 1921 meatus
1168 1875 1258 1939 aque,
1276 1855 1361 1939 quod
1372 1855 1627 1940 Husdorpheusos
1683 1929 1684 1936 ἵ

332 1945 449 2009 inferre
460 1945 669 2010 Portensibus
686 1947 876 2011 videbantur
891 1949 975 2011 circa
991 1947 1224 2011 retentaculum
1244 1965 1336 2028 aque,
1358 1946 1445 2028 quod
1467 1945 1628 2028 vulgariter

332 2054 398 2098 wer
419 2041 634 2119 mmoupetur,
656 2038 751 2100 situm
773 2038 806 2100 in
826 2038 927 2100 fluvio
947 2037 1071 2101 Ilmena
1092 2037 1229 2120 desuper
1249 2035 1433 2100 molendino
1455 2035 1625 2098 eorumdem

332 2124 534 2188 Portensium
555 2127 587 2188 in
609 2127 765 2209 superiori
786 2127 951 2206 Trebe1·e⁸,
972 2127 1074 2210 sopita
1094 2132 1143 2190 est
1163 2126 1195 2188 in
1219 2127 1304 2188 hunc
1326 2125 1471 2202 modum,
1494 2123 1627 2187 videlicet

333 2215 418 2296 quod
430 2215 600 2280 Fortenses
615 2217 773 2281 dederuut
788 2217 934 2281 salictum
951 2215 1111 2299 quoddam
1127 2217 1223 2280 situm
1238 2214 1271 2276 in
1286 2215 1396 2278 salicto
1410 2213 1629 2296 Husdorphen·

332 2303 415 2365 sium
441 2304 516 2387 ipsis
542 2304 849 2390 Husdorphensibus
876 2327 932 2390 pro
959 2326 997 2370 ea
1024 2311 1112 2390 perte
1141 2304 1256 2383 salicti,
1285 2321 1348 2387 que
1378 2302 1546 2368 videbatur
1571 2321 1629 2364 me·
1684 2309 1685 2366 l

332 2397 418 2454 atum
445 2393 589 2458 fluminis
614 2396 771 2478 inpedire,
798 2397 882 2478 quod
907 2395 1092 2477 coequalem
1114 2394 1217 2458 eidem
1240 2395 1320 2478 perd
1341 2399 1429 2458 certe
1448 2395 1531 2456 facta
1550 2409 1631 2454 men·

332 2482 493 2546 suretioue
514 2483 745 2567 longitudinem
768 2491 800 2549 et
819 2486 1018 2548 latitudinem
1041 2485 1205 2549 retinebat.
1243 2485 1315 2548 Fuit
1335 2484 1430 2548 etiam
1452 2483 1633 2547 ordinatum.

333 2574 411 2638 iuris
440 2574 556 2658 quippe
582 2575 615 2636 id
641 2576 789 2658 exigente
812 2576 946 2652 ratione,
975 2574 1062 2656 quod
1084 2574 1249 2656 quodlibet
1270 2574 1497 2637 monasterium
1519 2577 1549 2635 et
1571 2569 1632 2652 qui·

333 2663 411 2728 libet
427 2663 574 2742 rusticus,
595 2665 688 2727 cuius
709 2666 776 2747 agri
798 2666 987 2748 contingunt
1005 2664 1106 2748 ripam
1127 2664 1221 2726 fluvii
1242 2664 1432 2740 memorarit,
1453 2663 1527 2725 litus
1547 2679 1632 2725 suum

334 2754 504 2818 emendare
531 2759 563 2816 et
587 2753 715 2817 firmare
743 2754 857 2819 debeat
878 2756 946 2818 sine
968 2753 1100 2818 alterius
1120 2753 1250 2817 lesione.
1291 2751 1333 2816 Et
1356 2751 1457 2817 sicubi
1481 2753 1513 2814 in
1534 2752 1634 2814 cuius-

334 2863 472 2924 cumque
499 2844 598 2926 pertis
623 2842 727 2924 lytore
757 2844 870 2907 salices
898 2844 948 2908 rel
969 2844 1101 2907 frutices
1122 2842 1355 2922 succreverint,
1380 2843 1425 2905 ite
1447 2842 1532 2923 quod
1555 2841 1635 2902 ride·

335 2932 454 2996 buntur
472 2938 612 2997 meatum
627 2933 771 2996 fluminis
787 2934 930 3017 inpedire
947 2933 997 2996 vel
1014 2933 1181 3015 quodlibet
1196 2933 1370 3015 dampnum
1386 2932 1482 3014 lytori
1500 2929 1636 3016 opposito

335 3042 501 3105 generare,
526 3023 585 3086 heo
606 3022 678 3086 talis
702 3042 776 3106 pars
801 3043 820 3084 a
846 3029 933 3106 parte
960 3023 1059 3087 altere
1085 3021 1249 3086 admonita
1274 3021 1435 3086 tenebitur
1458 3019 1571 3083 salices
1593 3015 1637 3080 rel

334 3113 466 3177 frutices
494 3113 696 3176 huiusmodi
724 3132 876 3176 resecare.
919 3112 1010 3188 Quod
1031 3113 1057 3174 si
1078 3113 1183 3175 locere
1205 3112 1344 3174 noluerit
1364 3110 1415 3174 rel
1435 3108 1638 3192 negglexerit

337 3197 407 3283 pars
433 3203 608 3286 dompnum
636 3222 729 3286 pessa
754 3203 882 3286 poterit,
913 3205 940 3266 si
959 3202 1109 3275 voluerit,
1136 3203 1264 3266 easdem
1286 3201 1372 3265 licite
1393 3200 1574 3276 succidere,
1600 3199 1639 3260 ita

336 3292 422 3372 quod
449 3293 590 3356 succisas
615 3293 648 3354 in
675 3292 816 3356 eiusdem
845 3293 1033 3356 succisionis
1061 3293 1131 3355 loco
1159 3292 1210 3356 vel
1238 3291 1341 3373 lytore
1372 3291 1526 3374 repositas
1553 3289 1640 3352 dere-

334 3380 466 3462 linquat.
506 3381 679 3446 Tenebitur
702 3383 797 3444 etiarn
820 3381 961 3463 quelibet
982 3400 1054 3464 pars
1075 3381 1108 3443 in
1132 3401 1189 3445 suo
1207 3381 1311 3462 lytore
1332 3379 1459 3443 alveum
1481 3377 1636 3442 fluminis¹

334 3489 353 3531 a
384 3472 665 3554 supercrescentiis
695 3471 902 3553 quibuslibet,
940 3477 1034 3553 prout
1065 3471 1155 3554 probi
1187 3477 1218 3534 et
1248 3471 1373 3536 honesti
1404 3469 1465 3532 riri
1497 3475 1641 3552 oportere

334 3559 561 3638 iudicaverint,
588 3560 770 3624 emundare.
812 3560 857 3624 Ut
884 3562 982 3645 igitur
1009 3561 1067 3623 hec
1095 3563 1202 3625 omnia
1227 3561 1325 3624 robur
1351 3559 1516 3624 obtineant
1537 3557 1641 3622 debite

334 3650 507 3732 firmitatis,
533 3658 565 3715 et
589 3670 629 3714 ne
655 3652 737 3714 forte
763 3670 859 3734 super
883 3652 944 3714 hiis
969 3651 1003 3713 in
1029 3656 1191 3733 posterum
1214 3649 1347 3714 dubium
1370 3649 1500 3730 aliquod
1522 3649 1644 3712 oriatur

335 3739 386 3805 vel
420 3740 537 3807 oblivio
570 3741 762 3820 novercalis
795 3747 960 3824 presentes
994 3741 1115 3804 litteras
1142 3740 1258 3804 abinde
1286 3741 1447 3804 confectas
1473 3737 1643 3820 sigilloque

335 3829 458 3895 abbatis
484 3831 523 3896 de
545 3832 642 3896 Porta
671 3839 703 3895 et
728 3831 832 3914 sigillo
858 3831 992 3895 ecclesie
1013 3829 1275 3914 Husdorphensis
1302 3848 1451 3894 necnon
1478 3834 1511 3892 et
1540 3827 1645 3910 sigillo

335 3920 456 3984 domini
480 3922 642 3986 Heinricil
668 3923 819 4005 pincerne
847 3921 886 3984 de
908 3919 1055 4004 Appolde
1082 3921 1283 3984 conmunitas
1308 3919 1459 3983 iussimus
1488 3916 1646 4002 duplicari

335 4014 367 4072 et
387 4028 489 4073 unum
508 4029 566 4094 par
586 4011 619 4073 in
635 4009 791 4087 Portensi,
813 4009 900 4072 aliud
921 4010 955 4071 in
971 4008 1214 4090 Husdorphensi
1235 4007 1428 4072 monasterio
1451 4007 1647 4072 conservari.

334 4099 418 4162 Acta
448 4105 523 4163 sunt
552 4100 611 4164 hec
643 4119 727 4164 anno
758 4099 878 4162 domini
907 4107 1191 4169 M⁰OE⁰Lxxvsst
1229 4096 1359 4162 sabbato
1392 4098 1543 4180 proximo
1579 4107 1645 4180 post

336 4188 478 4272 Georgii,
511 4190 711 4272 presentibus
741 4195 773 4252 et
802 4187 1017 4252 mediantibus
1049 4188 1178 4250 domino
1210 4187 1341 4268 Methya
1372 4186 1412 4250 de
1443 4187 1649 4268 Rogehuseu.

336 4277 464 4342 domino
497 4279 649 4343 Heinrico
682 4280 721 4344 de
752 4279 888 4343 Trebere
920 4277 1152 4342 sacerdotibus.
1193 4279 1287 4341 fratre
1318 4276 1460 4340 Iohanne
1493 4279 1649 4360 magistu·

336 4369 424 4432 curie
446 4369 480 4432 iu
502 4369 667 4434 Gerustete
694 4376 726 4433 et
745 4370 842 4432 fratre
864 4368 1042 4432 Wernhero
1064 4368 1227 4430 conversis
1250 4367 1289 4430 de
1313 4366 1421 4444 Porta,
1450 4367 1529 4432 item
1554 4369 1651 4430 fretra

336 4457 453 4522 Sifrido
484 4460 635 4542 magistro
664 4460 752 4522 curie
781 4457 967 4540 Husdorph,
997 4457 1094 4520 fratre
1125 4456 1277 4520 Bertcldo
1308 4457 1459 4538 magistro
1490 4459 1588 4521 cru-ic
1622 4459 1649 4516 in

336 4546 524 4625 Sulabcche,
555 4548 652 4610 fratre
679 4547 832 4610 Heinrico
865 4547 1015 4629 magistro
1043 4546 1131 4609 curio
1158 4545 1189 4608 in
1222 4545 1384 4609 Vlurstetc
1413 4548 1586 4610 eiurrersis
1615 4547 1651 4608 dr·
