3392 5150
580 405 789 466 Neam-ate.
811 407 888 465 1301.
1053 436 1055 447 .
1339 407 1390 466 845

94 561 203 642 argenti
231 561 264 622 in
292 559 371 622 festo
397 557 481 622 beati
502 557 686 624 Michehelis
713 561 806 624 annis
827 559 975 642 singulis,
997 579 1166 644 quousque
1186 561 1284 624 trium
1307 579 1389 624 mar·

92 670 189 714 carum
219 649 361 715 redditus
383 670 401 714 e
422 649 515 714 nobis
536 655 748 735 conparentur
769 656 800 714 et
820 653 853 713 in
878 652 1099 736 proprietatem
1121 649 1151 714 N
1154 649 1388 734 uenburgensis

90 742 209 828 capituli
236 742 479 825 permutationis
511 742 603 805 titulo
629 741 867 806 transferantur.
916 741 954 805 ln
981 743 1075 806 cuius
1103 744 1148 805 rei
1170 743 1388 807 testimonium

90 834 220 914 sigillum
241 839 385 896 nostrum
403 836 611 917 apposuimus
632 834 707 897 huic
728 839 819 898 carte.
871 831 991 898 Datum
1005 852 1089 896 auno
1104 832 1225 898 domiui
1249 841 1388 899 M⁰GOO⁰

88 925 189 1006 princ,
210 933 295 990 XIIII
315 923 467 987 kalendas
489 921 661 989 Februarii.

87 1074 395 1184 [ηομ-13033]
611 1063 863 1072 '‘⁸“-
1297 1073 1387 1158 asa.

160 1203 277 1268 Bracae
297 1203 436 1286 Biscbos
450 1224 509 1268 von
519 1201 711 1284 Neumbrrrp
735 1203 836 1284 derret
852 1204 921 1267 clera
932 1201 1060 1268 Klosier
1069 1205 1177 1284 Pfcrte
1194 1203 1254 1266 das
1271 1202 1389 1283 Vopre'e

120 1294 203 1358 recht
217 1293 292 1358 iiber
314 1298 377 1377 91],
389 1293 502 1375 Hersen
522 1295 558 1357 ia
570 1293 784 1371 Zaelrwaraaa,
804 1293 931 1358 welches
946 1294 1005 1358 oles
1017 1293 1140 1359 Klosler
1155 1295 1212 1375 fiir
1228 1297 1274 1359 25
1285 1293 1387 1357 Maria

120 1405 177 1450 eurr
198 1381 354 1450 Heinrich
376 1384 555 1448 Morscioll
575 1405 634 1449 oon
657 1383 775 1450 Trehro
799 1385 953 1454 choraea
977 1384 1046 1448 aad
1071 1383 1172 1448 dieser
1191 1384 1260 1448 dean
1278 1383 1388 1447 Leuat

117 1475 232 1556 praseae
253 1473 407 1552 Alhrecht
429 1475 485 1538 der
506 1475 684 1558 Landgraf
697 1475 771 1540 aber
791 1475 860 1539 dem
882 1476 1016 1556 Biselaof
1033 1473 1233 1557 auspeloascra
1253 1475 1316 1542 aar.

227 1592 364 1648 Herm:
383 1583 471 1646 Dsrb
491 1593 706 1662 (tehebalu).
728 1594 801 1647 rar.

228 1685 342 1739 Deuca·
360 1685 493 1742 Deauca:
518 1685 649 1753 Worffrr,
667 1690 728 1740 aas.

155 1791 195 1854 Iu
236 1793 367 1855 nomine
402 1791 533 1856 domini.
576 1793 689 1856 Arnen.
745 1789 856 1854 Bruno
896 1791 946 1854 dei
986 1791 1088 1873 gratia
1121 1790 1387 1872 Nucnburgensis

81 1882 208 1946 ecclesie
226 1883 393 1965 episcopus
410 1881 561 1946 omnibus
573 1881 689 1946 Christi
704 1879 853 1945 fidelibus
868 1881 901 1943 in
919 1885 1116 1965 perpetuum.
1160 1881 1203 1945 Ut
1220 1883 1253 1944 in
1270 1883 1387 1946 nostris

80 1971 272 2056 temporibus
300 1979 388 2056 gesta
420 1979 505 2038 certa
536 1973 674 2058 quadam
704 1973 821 2036 noticia
851 1977 1065 2055 propagentur
1092 1973 1124 2033 in
1156 1977 1297 2054 posteros
1328 1993 1387 2036 nec

80 2081 227 2144 processu
255 2065 406 2148 temporis
436 2086 454 2128 e
483 2070 592 2128 nostre
623 2064 774 2126 memoria
804 2081 860 2147 per
892 2067 992 2126 ortam
1021 2062 1191 2126 oblivionis
1218 2063 1385 2146 caliginem

79 2159 275 2234 evanescant
296 2153 472 2218 litterarum
496 2154 598 2218 solent
617 2154 744 2218 indiciis
764 2155 909 2218 aternani.
951 2151 999 2215 Ea
1020 2159 1146 2236 propter
1172 2155 1211 2216 ad
1237 2155 1385 2218 noticiam

79 2247 138 2306 hm
166 2246 362 2326 presentium
386 2265 483 2328 quam
509 2245 691 2308 futurorum
714 2245 863 2308 volumus
884 2246 1062 2327 pervenire,
1084 2243 1169 2327 quod
1190 2244 1387 2310 venerabiles

76 2337 146 2415 viri,
168 2336 320 2399 domiuus
340 2334 667 2400 abbesetconventus
684 2337 817 2398 fratrum
837 2333 988 2414 dePorta‚
1009 2335 1180 2398 sentientes
1202 2355 1235 2398 se
1246 2337 1280 2398 in
1295 2334 1387 2400 bonis

78 2427 141 2488 suis
168 2428 203 2488 in
227 2424 372 2489 Zebolrur
401 2426 470 2489 sitis
500 2445 518 2490 a
545 2425 673 2488 domino
694 2423 845 2488 Heinrico
876 2424 1068 2487 marschalco
1095 2425 1134 2487 de
1161 2423 1294 2490 Trebere
1319 2447 1387 2511 pre·

74 2518 200 2596 gravari
230 2517 353 2579 rationo
382 2517 462 2580 iuris
491 2515 666 2596 advocatio,
699 2516 784 2599 quod
814 2514 898 2578 idem
931 2512 972 2578 H.
1007 2534 1103 2597 super
1133 2515 1226 2580 bonis
1257 2517 1387 2582 ecclesie

77 2611 198 2685 nosne,
224 2615 267 2670 IX
290 2605 436 2670 videlicet
461 2608 583 2670 mensis
611 2612 641 2669 et
669 2605 798 2670 dimidio
820 2607 854 2668 in
876 2605 984 2669 eadem
1007 2606 1082 2669 villa
1103 2608 1172 2670 sitis
1195 2607 1321 2688 habuit,
1352 2615 1388 2672 ut

76 2697 262 2760 vexationes
291 2695 494 2776 redimerent,
524 2699 576 2760 ius
606 2696 768 2760 advocatie
799 2694 838 2758 ab
870 2715 906 2758 oo
937 2715 993 2778 prc
1026 2706 1108 2760 XXV
1128 2700 1243 2762 marcis
1268 2699 1327 2762 rite
1357 2707 1388 2762 et

76 2785 305 2851 rationabiliter
326 2792 547 2870 conpererant.
590 2787 646 2851 lus
668 2792 789 2866 autern,
816 2785 902 2870 quod
929 2787 964 2848 in
986 2787 1126 2868 predicta
1148 2787 1222 2850 villa
1243 2787 1389 2852 Zebelrur

74 2877 218 2958 prefatus
238 2875 279 2940 Η.
302 2876 451 2942 habuisse
473 2878 658 2958 dinoscitur,
678 2877 748 2959 fuit,
767 2877 851 2960 quod
874 2877 912 2940 de
933 2877 1069 2958 singulis
1083 2880 1204 2942 mansis
1219 2882 1384 2944 annuatim

74 2967 232 3031 fertonem
256 2966 400 3032 absolute
421 2968 503 3032 tulit.
536 2968 683 3033 Pmterea
708 2968 842 3032 servicia
857 2989 875 3030 e
893 2968 1020 3030 rusticis
1036 2967 1147 3030 habuit
1163 2974 1194 3032 ct
1207 2971 1388 3034 exactiones

71 3057 144 3122 lecit
166 3077 227 3142 pro
246 3057 338 3122 libitu
360 3060 393 3122 in
416 3059 552 3140 cosdem,
573 3081 592 3122 a
613 3058 731 3142 quibus
752 3077 786 3123 se
807 3059 920 3122 rustici
942 3059 1082 3122 eximere
1104 3060 1245 3123 volentes
1268 3061 1387 3144 singuli

71 3149 108 3210 de
129 3148 273 3232 singulis
303 3151 423 3212 mansis
443 3170 500 3234 pro
523 3149 743 3214 exactionibus
764 3155 796 3212 et
816 3148 957 3212 serviciis
978 3147 1016 3210 de
1037 3167 1125 3211 mora
1144 3148 1307 3213 voluntate
1327 3151 1387 3214 fer-

71 3241 182 3302 tonem
216 3243 247 3302 ct
275 3239 441 3302 dimidium
473 3239 651 3316 solvebant,
682 3241 726 3302 ita
759 3244 796 3302 ut
821 3240 854 3300 in
883 3242 947 3300 toto
976 3236 1105 3300 dimidia
1132 3257 1237 3302 marce
1257 3244 1289 3303 et
1308 3239 1387 3302 ferto

69 3328 229 3392 dimidius
258 3326 318 3391 sibi
346 3327 384 3392 de
411 3348 522 3392 manso
553 3327 695 3412 quolibet
723 3328 905 3392 solveretur.
947 3326 1070 3391 Verum
1098 3329 1175 3410 quia
1201 3329 1306 3410 ipsum
1334 3330 1387 3394 ius

68 3416 106 3480 ab
138 3417 264 3482 illustri
294 3419 438 3504 principe
460 3417 591 3484 Alberto
612 3419 790 3502 lantgravio
811 3417 983 3500 Thuringic
1002 3419 1035 3480 in
1056 3416 1151 3480 feudo
1174 3417 1310 3498 habuit⁸,
1332 3421 1387 3502 qui

67 3508 275 3591 lantgravius
297 3505 394 3572 simili
416 3511 485 3574 iure
507 3510 546 3572 ab
567 3509 698 3573 ccclesia
719 3514 826 3572 nostre
848 3509 959 3586 tenuit,
986 3508 1054 3591 ipse
1076 3507 1117 3571 H.
1141 3509 1180 3571 do
1199 3508 1333 3574 Trahere
1353 3512 1386 3573 in

68 3618 192 3662 manus
215 3599 384 3682 lantgravii
405 3605 436 3663 et
455 3601 652 3682 lantgravius
673 3601 748 3663 item
769 3599 807 3662 ad
827 3619 942 3662 manus
956 3603 1080 3662 nostras
1093 3597 1192 3661 libere
1207 3601 1386 3680 resignavit.

66 3689 133 3754 Nos
171 3709 249 3754 vero
282 3691 321 3754 de
354 3691 487 3755 fratrum
508 3689 711 3754 Pcrtonsium
742 3690 863 3754 meritis
897 3689 1072 3772 plurimum
1103 3695 1322 3772 presumentes
1352 3710 1388 3752 ac

65 3781 168 3846 deum
204 3779 318 3843 nobisl
345 3799 400 3864 per
431 3781 573 3863 ipsorum
605 3778 755 3860 suffragia
786 3779 962 3862 propicium
994 3777 1118 3842 efficere
1143 3777 1286 3842 volentes
1313 3798 1387 3842 cum

63 3871 174 3935 multe
200 3869 367 3934 devotione
388 3871 440 3933 ius
460 3871 558 3934 huius
579 3869 741 3934 advocatie
762 3870 795 3931 in
819 3867 945 3932 Zehlrur
970 3887 1044 3932 cum
1067 3869 1134 3931 suis
1157 3868 1269 3932 usibus
1291 3889 1387 3951 supra

64 3961 163 4025 dictis
197 3959 365 4023 accedente
390 3959 623 4024 honorabilium
648 3961 799 4032 virorum,
827 3958 1013 4037 Blrunonis]
1041 3959 1191 4041 prepositi
1219 3963 1251 4022 et
1271 3958 1387 4038 Olane-

62 4050 201 4128 mundi]
224 4049 334 4114 decani
355 4069 497 4114 necnon
520 4052 622 4114 tocius
644 4050 773 4134 capituli
785 4048 1051 4131 Nuonburgensis
1070 4049 1209 4128 ecclesie,
1230 4067 1387 4113 consensu

64 4141 207 4205 domiuo
234 4138 340 4202 abbati
367 4145 398 4204 et
426 4141 597 4205 conventui
627 4141 664 4204 do
685 4139 780 4204 Porta
806 4139 978 4203 liberaliter
997 4139 1191 4202 contulimus
1212 4140 1295 4202 iusto
1317 4160 1387 4223 pro·
1436 4169 1438 4174 ·

62 4231 220 4315 prietatis
240 4230 332 4293 titulo
355 4237 505 4316 perpetuo
526 4230 764 4316 possidendum.
805 4229 847 4294 Et
872 4249 912 4293 nc
942 4229 980 4292 ab
1007 4230 1114 4312 aliquo
1140 4229 1305 4293 hominum
1330 4231 1388 4294 heo

61 4328 181 4386 nostre
207 4319 331 4382 collatio
353 4322 451 4405 possit
471 4323 505 4384 in
528 4329 690 4404 posterum
713 4320 915 4404 aliquatenus
929 4319 1095 4398 infirmari,
1115 4320 1252 4404 presenti
1273 4321 1387 4404 pagine

60 4432 168 4499 super
193 4428 233 4472 ec
253 4409 394 4476 conlocte
415 4411 555 4494 sigillum
578 4417 722 4476 nostrum
753 4415 783 4474 et
809 4411 949 4496 sigillum
972 4411 1100 4494 capituli
1129 4410 1260 4474 ecclesie
1281 4416 1387 4475 nostre
1494 4439 1496 4443 ⁴

59 4504 231 4567 duximus
251 4502 483 4583 apponendum.

132 4621 146 4648 ²
167 4614 279 4674 habuit
296 4616 363 4686 sealt
381 4617 410 4672 D
480 4607 494 4645 l
512 4635 529 4672 e
546 4616 627 4672 nobis
649 4617 673 4671 Τ
