3506 5148
618 377 826 436 Notae-531.
847 379 921 435 1327.
1354 329 1424 435 '489

120 532 229 615 scripti
257 535 396 595 tenorem
424 528 573 595 omnihus
595 528 708 595 Christi
734 530 881 595 fidelibus
905 536 1016 594 notum
1039 550 1108 596 esse
1129 531 1276 614 cupimus
1298 535 1329 594 et
1349 549 1423 594 con-

117 629 209 702 stare,
233 623 328 705 quod,
350 642 423 686 curn
446 621 520 685 villa
532 621 749 702 Saxenhnsen,
769 623 862 686 cuius
880 623 930 684 ius
949 623 1146 705 proprietatis
1161 623 1282 685 ratione
1294 625 1423 703 paterne

117 715 328 777 successionis
359 713 397 777 ad
425 733 483 776 nos
508 714 675 796 pertinuit,
703 733 759 796 pro
785 724 898 795 quarta
927 718 1014 796 parte
1041 714 1080 777 ad
1109 713 1309 776 honorabiles
1339 713 1423 774 viros

117 803 283 868 dominum
308 804 452 868 abbatem
475 809 505 868 et
528 810 721 868 conventum
743 804 925 866 monasterii
937 803 1099 868 Portensis
1119 823 1160 867 ex
1181 803 1307 866 datione
1322 802 1423 866 felicis

118 897 271 959 memorie
291 895 410 959 domini
435 894 560 959 Ottonis
581 897 678 979 patris
698 896 797 958 nostri
819 895 888 958 inre
909 895 1111 978 proprietario
1131 895 1325 978 pertineretl,
1347 895 1423 956 resi·

117 985 192 1048 duis
218 985 319 1050 tribas
345 986 488 1070 partibus
514 985 606 1049 titulo
633 985 751 1049 feudali
771 984 960 1048 Theoderico
989 984 1081 1047 militi
1110 988 1141 1048 et
1160 983 1307 1048 Bertoldo
1335 984 1423 1046 fratri

118 1095 178 1140 suo
209 1076 418 1140 vicedominis
450 1077 488 1139 de
514 1075 636 1159 Apolde
665 1076 782 1139 nostris
811 1074 958 1138 fidelibus
986 1093 1041 1157 per
1070 1094 1128 1138 nos
1156 1074 1277 1138 collatis
1303 1093 1340 1136 ao
1366 1074 1422 1138 ali·

116 1167 272 1248 quamdiu
299 1186 354 1250 per
379 1165 535 1249 predictos
554 1165 780 1229 Theodericum
803 1170 833 1228 et
854 1164 1037 1228 Bertoldum
1064 1165 1217 1247 possessis
1240 1163 1332 1228 titulo
1353 1183 1421 1246 pre-

115 1255 231 1336 libato,
258 1257 439 1340 petiverunt
464 1256 546 1319 idern
569 1253 666 1318 abbas
687 1259 719 1318 et
738 1261 914 1318 conventus
935 1274 990 1339 pro
1012 1275 1045 1318 se
1067 1262 1098 1318 et
1118 1254 1200 1318 dicto
1222 1257 1423 1332 monasterio,

116 1351 277 1428 quatenus
298 1347 376 1429 ipsis
397 1347 448 1410 ius
469 1346 666 1430 proprietatis
689 1345 898 1428 predictarum
921 1347 1019 1408 trium
1039 1345 1177 1428 partium
1198 1343 1279 1424 dare,
1301 1344 1422 1407 tradere

115 1441 148 1498 et
169 1436 312 1499 conferre
341 1441 467 1519 propter
487 1436 581 1499 deum
604 1441 634 1499 et
655 1437 688 1497 in
708 1436 888 1499 animarum
910 1440 1090 1499 nostrarum
1112 1435 1289 1498 remedium
1313 1434 1422 1520 digna-

115 1545 232 1590 remur.
274 1526 315 1590 ut
341 1531 377 1590 ut
409 1546 467 1590 nos
493 1526 530 1589 ad
557 1526 791 1590 exauditionem
815 1545 873 1589 sue
894 1527 1059 1609 peticionis
1079 1525 1204 1589 facilius
1224 1526 1422 1607 inclinarent,

115 1617 209 1681 nobis
233 1618 363 1700 triginta
384 1637 505 1680 marcas
528 1617 597 1699 puri
617 1618 738 1700 argenti
759 1618 971 1680 communiter
992 1616 1184 1694 tribuerunt,
1208 1637 1304 1700 quam
1327 1637 1422 1699 pecu-

115 1708 201 1770 niam
226 1708 415 1771 confitemur
435 1712 466 1771 et
486 1711 701 1771 contestamur
722 1706 813 1770 nobis
834 1709 993 1790 prestitam
1017 1713 1111 1790 atque
1132 1706 1250 1786 damni,
1272 1709 1315 1770 ita
1336 1708 1420 1790 quod

114 1798 251 1881 quilibet
281 1804 424 1862 nostrum
457 1798 611 1880 acciperet
639 1798 746 1860 decem
779 1817 909 1860 mareas
959 1797 1166 1862 Attendentes
1193 1799 1298 1878 igitur,
1327 1799 1422 1880 quod,

114 1889 175 1952 etsi
203 1907 313 1951 omnes
337 1887 453 1952 Christi
479 1887 587 1952 fideles
611 1907 670 1951 nos
693 1887 821 1969 diligere
842 1888 949 1951 deceat
969 1893 1000 1952 et
1021 1890 1140 1963 fovere,
1166 1889 1328 1970 presertim
1351 1889 1421 1951 reli·

113 1979 222 2061 giosos
243 1979 329 2042 viros
349 1977 479 2041 domino
500 1979 683 2056 servientes,
706 1978 860 2061 predictos
880 1983 986 2042 tamen
1009 1977 1154 2042 abbatem
1175 1983 1207 2042 et
1227 1983 1421 2041 conventum

115 2073 298 2132 nostrorum
321 2070 558 2152 progenitorum
580 2069 741 2151 sequendo
765 2069 895 2150 vestigia
917 2070 1066 2132 convenit
1086 2089 1143 2132 nos
1164 2069 1330 2152 condignis
1352 2068 1422 2131 ubi-

112 2159 193 2222 libet
214 2159 378 2242 preranire
399 2157 573 2223 honoribus
594 2163 625 2222 et
644 2157 806 2220 favoribus
833 2159 1000 2241 prosequil
1025 2159 1184 2241 gratiosis,
1210 2179 1270 2223 nos
1292 2177 1422 2241 genera·

112 2249 188 2312 liter
214 2249 357 2312 omnium
387 2255 418 2312 et
445 2249 563 2332 singuli
593 2249 795 2332 singulariter
815 2268 945 2312 suorum
969 2249 1135 2327 heredum,
1164 2250 1327 2312 videlieet⁰
1349 2248 1421 2312 Otto

113 2340 196 2404 lilii‘¹
223 2338 348 2403 Ottonis
378 2344 410 2403 et
441 2339 505 2403 iilis
531 2339 657 2422 Sophia,
682 2337 834 2402 Albertus
855 2338 912 2401 lilii
933 2337 1130 2402 Hermanni⁸
1146 2347 1177 2404 et
1197 2339 1262 2404 filie
1282 2338 1423 2404 Elisabet

113 2450 152 2494 ae
173 2428 395 2493 Hartmannus
415 2429 480 2494 filie
499 2430 623 2514 Sophia,
654 2448 713 2492 neo
732 2449 795 2492 non
817 2433 849 2492 et
869 2430 1045 2511 specialiter
1064 2429 1179 2512 Sophia
1199 2429 1264 2493 filie
1283 2429 1421 2492 Theode-

112 2521 171 2584 rioi
200 2521 251 2603 pie
279 2521 430 2584 memorie
458 2520 563 2584 fratris
597 2521 695 2584 nostri
730 2541 766 2584 ac
796 2520 1016 2584 universaliter
1042 2521 1187 2584 omnium
1216 2520 1367 2584 heredum
1391 2527 1422 2586 et

113 2612 306 2675 coheredum
342 2616 519 2676 nostrorum
551 2611 718 2675 accedente
747 2629 904 2674 consensu
936 2616 966 2674 et
997 2611 1094 2674 libere
1125 2610 1299 2688 voluntate,
1334 2613 1422 2693 prius

114 2707 224 2764 tamen
256 2705 380 2784 recepta
408 2702 620 2782 resignatione
652 2700 863 2784 predictorum
891 2699 1072 2765 Theoderici
1101 2705 1132 2764 et
1162 2699 1333 2779 Bartholdi,
1365 2701 1418 2782 qui

116 2791 259 2876 predicta
278 2789 361 2854 bona
382 2793 415 2855 in
428 2791 637 2856 Saxenhnson
653 2812 671 2854 a
690 2791 782 2855 nobis
799 2793 830 2854 in
846 2791 951 2870 feudo,
972 2797 1008 2854 ut
1021 2792 1221 2873 premittitur,
1241 2796 1423 2868 tenuerunt,

114 2881 339 2964 proprietatem
362 2886 393 2944 et
413 2880 566 2944 directum
588 2879 766 2944 dominium
787 2881 999 2964 predictorum
1015 2881 1172 2944 bonorum
1187 2885 1219 2944 et
1233 2881 1422 2962 generaliter

114 2989 211 3034 omne
239 2971 304 3048 ius,
335 2970 420 3052 quod
447 2969 540 3033 nobis
566 2971 597 3032 in
626 2970 774 3053 predictis
803 2989 860 3033 seu
888 2991 944 3053 pro
973 2970 1119 3052 predictis
1146 2969 1248 3034 tribus
1278 2970 1421 3052 partibus

113 3059 268 3143 prelibato
290 3059 375 3138 ville,
401 3064 432 3123 et
452 3061 551 3122 eciam
572 3058 650 3122 illud
672 3061 738 3140 ius,
764 3060 849 3142 quod
871 3060 963 3123 nobis
984 3062 1016 3122 in
1039 3059 1149 3139 bonis,
1175 3079 1238 3143 que
1258 3059 1420 3124 castellani

115 3151 156 3214 de
176 3148 369 3213 Bottilstete¹
397 3170 416 3212 a
440 3149 601 3230 pincernis
628 3149 667 3212 de
694 3147 864 3232 Dornburg
892 3150 1062 3214 infeodatis
1090 3149 1227 3213 anobis
1253 3155 1362 3213 tenent
1386 3152 1419 3213 in

113 3240 220 3316 feudo,
247 3238 432 3321 conpetebat
461 3240 527 3302 sive
547 3239 747 3320 singulariter
769 3240 904 3321 singulis
925 3241 993 3303 sive
1015 3239 1233 3304 universaliter
1254 3241 1422 3319 universis

114 3329 239 3406 damus,
260 3329 418 3392 donamus
439 3334 469 3392 et
489 3330 522 3390 in
545 3328 681 3392 solidum
703 3329 920 3393 contradimus
941 3329 1056 3407 abbati,
1078 3330 1248 3393 conventui
1270 3336 1301 3392 et
1316 3349 1421 3392 mona-

114 3420 212 3482 sterio
236 3419 382 3500 predictis
403 3437 440 3482 eo
462 3420 545 3498 iure,
573 3439 637 3502 quo
667 3439 724 3484 nos
745 3421 797 3483 ius
818 3421 1015 3502 proprietatis
1037 3419 1173 3503 predicte
1195 3419 1348 3484 hactenus
1369 3419 1422 3484 ha·

116 3509 249 3572 buimus
277 3514 307 3572 et
334 3529 396 3592 quo
424 3509 463 3572 ad
494 3529 552 3572 uos
572 3513 620 3572 est
643 3511 770 3572 nomine
792 3509 1001 3574 successionis
1022 3510 1208 3574 hereditarie
1229 3509 1422 3590 devolutum,

116 3598 384 3662 abrenunciantes
408 3598 526 3680 precise
551 3617 607 3681 pro
634 3598 726 3662 nobis
752 3601 932 3681 nostrisque
957 3599 1126 3664 heredibus
1156 3605 1187 3662 et
1215 3599 1422 3664 coheredibus

115 3687 265 3772 predictis
295 3693 359 3751 tam
392 3687 592 3770 presentibus
623 3709 720 3771 quam
746 3689 863 3753 futuris
893 3690 980 3752 omni
1006 3691 1077 3766 iuri,
1104 3690 1189 3766 usui,
1214 3691 1422 3772 requisitioni,

114 3779 270 3856 dominio,
293 3777 419 3841 utilitati
438 3785 469 3842 et
488 3777 656 3861 obsequio,
678 3797 740 3860 que
761 3777 933 3842 habuimus
953 3780 987 3841 in
1010 3777 1157 3861 predictis
1178 3781 1264 3842 sivos
1280 3799 1336 3862 pro
1353 3797 1422 3863 pre·

114 3869 206 3932 dictis
238 3868 331 3932 bonis
356 3887 413 3932 seu
440 3887 502 3951 que
529 3871 627 3932 nostri
658 3869 789 3934 heredes
809 3876 840 3934 et
860 3888 1058 3934 successores
1078 3873 1184 3933 essent
1206 3871 1237 3932 in
1261 3876 1420 3952 posterum

114 3957 351 4040 quomodolibet
372 3956 518 4022 habituri.
561 3957 601 4021 ht
623 3966 658 4022 ut
679 3960 832 4036 premissa
851 3961 958 4022 onmia
979 3965 1047 4022 rata
1068 3967 1217 4022 maneant
1236 3967 1268 4022 et
1288 3960 1422 4024 totaliter

113 4047 312 4124 inconvulsa,
335 4053 512 4131 presentem
534 4047 669 4112 litteram
688 4050 862 4131 sigillorum
881 4056 1061 4113 nostrorum
1074 4051 1266 4132 appensione
1281 4050 1422 4128 fecimus,

114 4141 197 4201 sicut
226 4137 345 4212 decuit,
371 4136 519 4201 roborari.
561 4134 678 4202 Datum
700 4159 784 4202 anno
806 4140 1420 4213 dominimillesimoccc⁰XXV11⁰,Vi

114 4227 265 4291 kalendas
287 4227 486 4309 Septembris.
526 4226 634 4291 Testes
662 4229 759 4292 huius
784 4231 829 4292 rei
859 4235 936 4293 sunt
965 4229 1132 4294 Bertoldus
1158 4235 1190 4294 et
1209 4228 1422 4293 Theodericus

115 4316 297 4394 Ysaristete,
318 4315 490 4380 Heinrieus
510 4317 548 4380 de
570 4315 707 4380 Malaita
728 4325 759 4380 et
778 4317 969 4382 Baldramus
991 4318 1030 4382 de
1050 4317 1188 4398 Remsla
1208 4318 1305 4381 frater
1324 4317 1421 4380 Ecce-

115 4406 253 4470 hardush
278 4406 316 4470 de
345 4405 460 4486 Natza,
488 4407 582 4472 frater
603 4405 835 4472 Echenbartus¹
857 4407 896 4470 de
915 4407 1057 4472 Taurode
1085 4417 1116 4472 et
1141 4409 1236 4472 irater
1257 4407 1421 4471 Conradus

117 4496 154 4559 de
175 4493 322 4578 Mogeln¹¹
344 4497 489 4560 monachi
510 4497 542 4559 in
565 4495 660 4562 Porta
680 4504 711 4561 et
731 4498 838 4583 plures
859 4498 920 4562 alii.
