3506 5148
320 409 372 464 510
691 401 920 458 Urlruudenbuch
938 401 987 457 dea
1006 401 1130 458 Klostare
1148 401 1251 458 Piorte.

321 559 413 624 nobis
433 559 595 622 oraciones
615 559 730 641 iugiter
752 561 783 620 et
803 557 984 638 frequenter
1005 555 1182 634 effundunt,
1205 557 1256 639 pie
1271 561 1378 621 nostre
1393 560 1508 624 mentis
1522 561 1625 626 oculis

319 649 494 732 graciosius
521 649 693 726 intuentes,
723 647 959 710 considerantes
987 648 1081 710 etiam
1108 647 1230 728 integre
1255 647 1329 712 fidei
1349 651 1531 731 puritatem,
1560 673 1625 736 qua

320 739 425 804 debita
449 739 632 803 reverencia
659 757 733 820 erga
760 756 819 800 nos
845 741 875 799 et
901 755 1025 800 sacrum
1055 735 1236 802 &manum
1263 737 1433 820 imperium
1459 761 1625 806 coruscam

320 831 480 908 dicuntur,
499 830 680 892 inherentes
701 826 808 890 inclite
819 827 1050 890 recordacionis
1060 825 1209 890 divorum
1224 828 1450 909 imperatorum
1467 836 1499 894 et
1511 851 1624 914 regum

319 920 536 984 Romanorum
556 919 814 1003 predecessorum
836 921 1017 980 nostrorum
1039 917 1193 998 vestigiis,
1215 918 1271 1000 qui
1293 918 1441 983 eeclesias
1461 923 1530 984 suis
1550 941 1626 985 oon-

320 1016 507 1074 struxerunt
532 1008 645 1092 opibus
665 1014 696 1072 et
716 1012 912 1071 constructas
932 1005 1102 1070 liberaliter
1122 1007 1344 1084 confovebant,
1370 1008 1625 1091 [prediotlorum⁸

319 1153 326 1166 .
347 1152 354 1164 .
376 1100 498 1165 abbatis
524 1149 530 1162 .
551 1148 558 1161 .
583 1104 760 1163 conventus
787 1097 910 1161 devotis
940 1096 1086 1179 precibus
1106 1097 1250 1160 inclinati
1268 1098 1354 1179 ipsos
1374 1105 1405 1162 et
1425 1118 1537 1164 eorum
1558 1121 1626 1164 mo-

320 1193 493 1256 nasterinm
520 1210 595 1253 cum
623 1187 774 1252 omnibus
802 1187 999 1265 homiuibus,
1019 1186 1159 1267 iuribus,
1179 1187 1288 1267 rebus,
1308 1187 1401 1252 bonis
1422 1195 1453 1253 et
1474 1194 1627 1273 possessi-

320 1281 437 1346 onibus
453 1288 517 1346 tam
535 1278 706 1344 mobilibus
721 1298 818 1360 quam
832 1276 1047 1357 inmobilibus,
1069 1297 1271 1360 quocumque
1286 1280 1414 1343 nomine
1426 1289 1627 1360 censeantur,

321 1394 401 1458 quas
427 1375 460 1436 in
488 1371 723 1455 presenciarum
749 1377 890 1451 tempore
917 1367 1149 1432 racionabiliter
1176 1367 1320 1432 obtinent
1346 1389 1382 1432 ac
1412 1373 1577 1453 possident
1596 1381 1627 1435 et

320 1467 353 1528 in
381 1469 541 1547 posterum
570 1461 663 1526 iustis
692 1459 794 1524 modis
815 1465 846 1522 et
868 1460 950 1521 veris
971 1457 1082 1537 tytulis
1103 1458 1223 1539 absque
1244 1460 1323 1522 iuris
1344 1459 1439 1524 alieni
1460 1461 1627 1544 dispendio

320 1559 468 1639 poterunt
494 1552 638 1634 adipisci,
666 1550 726 1614 sub
752 1555 861 1614 nostra
888 1555 919 1612 et
940 1549 1020 1612 sacri
1041 1547 1175 1611 Romani
1197 1550 1321 1632 imperii
1341 1552 1535 1633 suscipimus
1556 1573 1627 1635 pro-

320 1646 459 1709 tecoiona
480 1641 624 1726 speciali,
649 1642 800 1704 universa
821 1640 1001 1722 privilegia,
1029 1638 1204 1718 libertateS,
1231 1641 1435 1716 emunitates
1457 1645 1628 1707 servitutes

320 1743 351 1800 at
379 1735 600 1798 concessiones
625 1751 663 1794 ac
683 1731 754 1793 iura
775 1737 805 1794 et
824 1731 946 1812 gracias
967 1729 1044 1811 ipsis
1065 1737 1225 1792 eteorum
1248 1733 1438 1794 monasterio
1458 1751 1515 1814 per
1536 1733 1627 1796 divos

320 1826 538 1890 Romanorum
566 1823 768 1905 imperatores
796 1829 827 1883 et
852 1839 943 1901 reges
968 1819 1202 1900 predecessores
1228 1827 1351 1884 nostros
1378 1839 1548 1886 concessas
1569 1843 1627 1886 seu

315 1915 469 1981 'concessa
501 1913 552 1976 rel
582 1911 735 1989 indultae,
769 1917 862 1993 prout
892 1911 970 1992 ipsis
999 1910 1095 1986 iuste,
1131 1911 1190 1972 rite
1226 1915 1257 1972 et
1287 1909 1521 1975 racionabiliter
1552 1921 1628 1977 sunt

320 2007 451 2084 indulta,
476 2004 588 2067 tradite
611 2000 661 2065 vel
682 2021 839 2080 concesse,
859 2001 898 2064 de
919 1999 1113 2081 benignitate
1137 2001 1336 2081 imperatorie
1357 2002 1533 2067 maiestatis
1553 2025 1627 2066 con-

320 2097 463 2160 cedimus
494 2101 524 2157 et
556 2112 722 2156 concessas
752 2093 906 2174 presentis
933 2091 1050 2154 decreti
1076 2091 1256 2154 munimina
1281 2089 1521 2172 confirmamuS,
1555 2096 1627 2157 rati·

320 2189 469 2264 ficamus,
495 2183 708 2268 approbamus
729 2189 761 2245 et
781 2182 895 2244 harum
917 2180 1090 2244 litterarum
1110 2181 1190 2244 serie
1208 2183 1417 2261 innovamus,
1438 2183 1628 2247 mandantes

320 2275 437 2339 nichilo
464 2275 571 2336 minus
599 2273 799 2353 imperatorio
828 2271 886 2332 hoc
915 2270 1030 2348 edicto,
1057 2288 1098 2332 ue
1125 2270 1198 2352 quis
1218 2271 1320 2333 nostri
1341 2271 1464 2354 imperii
1483 2271 1627 2338 fidelium

320 2367 440 2429 dictum
465 2363 693 2426 monasterium
715 2361 765 2423 rel
786 2379 936 2443 personas
957 2359 1073 2423 ibidem
1095 2360 1154 2424 deo
1175 2359 1365 2426 famulantes
1387 2369 1551 2445 presumat
1574 2364 1628 2428 ali-

321 2462 479 2538 quatenus
500 2453 675 2530 molestare,
694 2451 766 2514 iura
787 2469 897 2514 eorum
918 2449 1088 2532 infringere
1109 2450 1159 2513 vel
1181 2449 1341 2514 libertates
1361 2471 1529 2516 concessas
1552 2473 1629 2536 quo-

322 2542 493 2608 modolibet
523 2542 648 2605 violare.
699 2539 788 2603 Nulli
819 2559 893 2621 ergo
925 2541 1055 2602 omnino
1085 2540 1250 2604 hominum
1283 2540 1375 2606 liceat
1406 2543 1488 2605 hauc
1522 2549 1628 2606 nostre

324 2635 496 2699 maiestatis
527 2632 763 2713 indulgenciam
794 2631 966 2713 intringere
997 2630 1046 2692 vel
1081 2631 1111 2694 ai
1144 2651 1225 2696 ausu
1264 2632 1431 2696 temerario
1461 2635 1628 2697 contraire.

322 2725 412 2800 Quod
435 2725 491 2808 qrri
512 2724 614 2786 facero
635 2723 870 2806 presumpserit,
897 2727 1004 2784 nostre
1026 2722 1199 2785 maiestatis
1218 2742 1348 2805 gravem
1370 2722 1628 2804 indignacionem

321 2836 355 2880 se
376 2815 499 2878 novarit
526 2815 706 2876 incurrisse.
748 2811 787 2874 ln
814 2813 908 2876 cuius
927 2813 973 2874 rei
995 2811 1213 2875 testimonium
1236 2817 1398 2896 presentes
1418 2813 1578 2876 conscribi
1600 2821 1630 2876 et

198 2945 200 2950 ,
321 2913 428 2969 nostre
448 2906 619 2968 maiestatis
640 2903 742 2986 sigillo
764 2904 920 2966 iussimus
941 2904 1141 2965 communiri.
1183 2899 1303 2966 Datum
1322 2903 1356 2965 iu
1372 2901 1502 2966 staco
1526 2905 1559 2968 in
1579 2905 1630 2967 die

321 2997 472 3060 lobannis
491 2994 626 3078 baptiste
647 3012 731 3058 anno
751 2992 871 3058 domini
893 2991 1060 3056 millesimo
1082 2993 1302 3055 trecentesimo
1325 2993 1484 3056 tricesimo
1508 2995 1630 3077 quinto,

321 3089 410 3171 regni
433 3086 533 3149 nostri
554 3104 638 3148 anuo
660 3084 809 3147 vicesimo
831 3083 941 3166 prime,
962 3082 1086 3166 imperii
1107 3101 1181 3144 vero
1202 3087 1320 3146 octavo.

390 3204 402 3232 ²
419 3201 527 3274 predict
544 3200 630 3256 durch
649 3199 833 3270 Facultates
852 3198 1010 3254 aemalae
1027 3197 1173 3266 percordeu.

323 3409 437 3492 1336.
464 3406 583 3489 uara
602 3406 641 3488 b.
669 3405 832 3487 Piorte.
1538 3405 1631 3487 bob.

405 3537 572 3610 ¹ll'riadricb
591 3543 666 3626 [dar
686 3541 889 3626 Eemstboste]
912 3540 1089 3622 Landgraf
1103 3560 1162 3604 voa
1187 3537 1373 3620 Thiirinpea
1400 3539 1502 3603 oenoe
1523 3541 1576 3605 dia
1598 3541 1631 3603 ia

363 3637 477 3700 acinam
490 3634 604 3698 Lauda
617 3631 777 3713 dispendere
788 3631 1002 3711 Basitaaapaa
1018 3631 1071 3694 das
1085 3629 1228 3695 Ktostars
1240 3630 1347 3711 Psorte
1365 3630 1423 3692 mu
1435 3629 1634 3694 Aussclrluss

362 3727 463 3790 sana
483 3724 637 3788 Beonrteu
657 3723 760 3785 sairrer
774 3721 992 3804 persdnlicbea
1010 3721 1196 3804 Versiipuap
1216 3741 1278 3785 vor.
1327 3719 1393 3800 Vpl.
1416 3719 1476 3783 Nr.
1492 3725 1566 3785 413.

471 3841 606 3896 Hasna.-
627 3839 671 3894 Or.
683 3840 758 3910 Parc.
777 3840 823 3908 Sp.
853 3839 977 3896 Drasden
995 3841 1033 3894 Η.
1044 3841 1083 3896 St.
1093 3843 1127 3894 A.
1145 3838 1285 3896 Narras.
1304 3869 1338 3880 -
1359 3837 1385 3891 T
1391 3841 1433 3892 44.

473 3934 586 3988 Drarclc:
604 3933 741 3987 Deatscb:
759 3931 890 4001 WorffH,
901 3937 960 3988 439.
994 3933 1049 4001 Vqr.
1060 3933 1175 3988 Panaca
1184 3931 1210 3998 I,
1219 3937 1262 3987 61.
1287 3930 1579 3998 amasaeorum,
1590 3935 1632 3983 10.

404 4039 659 4104 NosFridericus
680 4038 730 4102 dei
751 4039 1037 4123 graciaThuringie
1057 4038 1262 4121 lantgravius,
1283 4037 1634 4119 llysnensisatOrien-

325 4133 396 4196 talis
424 4130 565 4194 marchio
595 4129 809 4212 dominusque
835 4135 917 4194 terre
937 4129 1125 4211 Plysuensis
1152 4130 1409 4212 recognoscimus
1429 4128 1632 4211 presencium

324 4223 404 4288 serie
425 4228 457 4285 et
478 4221 518 4284 ad
540 4221 775 4298 universorum,
797 4220 915 4304 quibus
937 4239 1030 4283 nosse
1051 4219 1146 4284 merit
1165 4225 1370 4302 oportunum,
1390 4219 1540 4302 cupimus
1563 4237 1635 4301 per-

324 4315 468 4392 venire·,
499 4310 584 4394 quod
605 4309 688 4372 bona
707 4311 855 4374 universa
876 4318 907 4375 et
927 4311 1054 4394 singula
1074 4317 1181 4374 nostre
1200 4311 1317 4373 dicioni
1338 4309 1486 4388 subacta,
1507 4327 1572 4393 que
1594 4310 1635 4372 ad

324 4402 478 4482 abbatem,
499 4405 692 4464 conventum
714 4407 746 4463 et
765 4400 934 4465 cenobium
949 4401 1173 4482 Cystersiensis
1193 4401 1314 4464 ordinis
1331 4402 1364 4462 in
1377 4399 1473 4462 Porta
1490 4405 1635 4482 spectare

325 4495 543 4570 dinoscuntur,
564 4497 671 4556 nostre
693 4497 815 4556 tantum
838 4499 868 4557 et
889 4513 952 4556 non
975 4490 1190 4557 subiectorum
1213 4489 1314 4572 uobis,
1336 4489 1483 4554 videlicet
1499 4489 1636 4552 adrora-

325 4598 439 4664 torum,
461 4584 746 4651 subadvocatorum
768 4633 774 4646 .
797 4633 802 4645 .
825 4585 1033 4648 officiatorum
1063 4582 1337 4666 qualiumcunque
1357 4583 1389 4644 in
1412 4586 1506 4645 antea
1524 4579 1635 4664 dispo
