3506 5148
326 367 379 426 ⁵18
694 369 924 428 Urlrundenbuatr
945 372 993 429 des
1011 373 1137 430 Klosters
1156 374 1258 430 Piorte.

326 523 498 604 prenotatis
518 523 756 603 tradendarum,
781 525 1055 610 adipiscendarum
1081 531 1195 591 mutuo
1217 529 1451 610 possessionum
1474 548 1622 593 memora·

325 621 430 677 tarum
451 615 543 676 iuxta
563 615 692 678 modum
715 618 961 699 permutacionis
982 623 1013 679 et
1029 615 1205 680 concambii
1221 619 1414 701 supradicti,
1433 625 1622 703 apponentes

326 704 466 786 sigillum
488 711 631 768 nostrum
655 707 819 789 nostrique
840 707 968 789 capituli
989 707 1065 770 huic
1085 707 1188 772 littere
1208 709 1241 770 in
1264 710 1394 772 evidens
1410 711 1622 774 testimonium

325 797 563 878 premissorum,
585 797 795 871 decernentes,
816 798 901 880 quod
922 796 1019 860 abbas
1040 803 1071 860 et
1083 805 1260 862 conventus
1276 819 1334 863 sua
1350 800 1547 882 appendeant
1555 801 1624 880 (sie)

325 885 430 968 sigilla
456 887 489 948 in
520 887 648 949 maioris
675 887 797 950 roboris
822 887 1010 950 firmitatem.
1052 887 1093 950 Et
1118 907 1177 950 nos
1199 887 1327 952 Vlrieus
1353 890 1402 952 dei
1429 892 1534 972 gracia
1560 911 1624 973 pre

325 978 457 1059 positus,
478 974 667 1039 Ludeuious
688 978 827 1040 decanus
853 985 884 1040 et
909 977 1082 1060 capitulum
1108 978 1236 1042 ecelesia
1257 979 1521 1062 Nuenburgensis
1542 1000 1625 1044 reco-

324 1067 509 1149 gnoscimus
538 1072 680 1130 nostrum
708 1087 898 1131 consensum
928 1087 986 1130 nos
1016 1069 1053 1130 ad
1084 1070 1237 1151 premissa
1261 1069 1439 1133 voluntarie
1464 1068 1625 1153 prebuisse

325 1163 355 1220 et
386 1157 420 1222 in
451 1156 547 1219 huius
578 1157 798 1220 certitudinem
830 1164 971 1220 nostrum
1007 1155 1146 1239 sigillum
1186 1157 1259 1221 huie
1296 1158 1397 1222 littere
1433 1160 1625 1242 appendisse.

324 1245 454 1329 Nosque
482 1246 576 1308 frater
597 1246 766 1309 Albertus²
795 1246 903 1309 divina
927 1248 1132 1309 miseracione
1152 1245 1266 1323 abbas,
1292 1247 1522 1312 Theodericus·
1544 1249 1626 1331 prior

323 1342 355 1402 et
375 1341 553 1400 conventus
573 1338 757 1400 monasterii
778 1335 940 1402 Portensis
968 1337 1098 1419 predicti
1122 1339 1379 1418 recognoscimus
1399 1339 1499 1402 eciam
1520 1343 1627 1402 nostra

323 1427 426 1510 sigilla
453 1425 519 1490 fore
550 1445 700 1509 appensa,
730 1434 767 1490 ut
796 1427 835 1489 de
864 1428 1025 1508 premissis
1052 1427 1171 1508 liqueat
1191 1427 1360 1490 evidenter.
1402 1427 1522 1492 Datum
1544 1448 1626 1491 anno

324 1516 444 1580 domini
465 1525 738 1596 M⁰COC⁰X⁰LV⁰,
759 1517 910 1580 kalendas
930 1517 1024 1580 Iunii.

393 1653 404 1682 ⁸
422 1654 553 1708 Albertus
572 1654 630 1708 rand
648 1654 833 1708 Theodericus
852 1656 900 1708 init
919 1655 1034 1708 cosdem
1054 1655 1132 1708 Tinte
1148 1656 1313 1723 qaeelariebeu
1331 1655 1390 1708 rand
1407 1657 1528 1724 offenbar
1546 1658 1626 1710 narb-

323 1735 572 1870 gfflfflnpdm
598 1741 685 1788 ramat
713 1737 763 1789 leer
788 1737 941 1804 pelassenen
968 1736 1060 1790 Raram
1087 1737 1229 1805 etspesrtpt.
1337 1726 1440 1789 bocer
1458 1735 1627 1790 Gravvartlr?

849 1913 1100 1920 ψ*

324 2018 437 2100 1345.
464 2018 628 2116 August
641 2020 675 2098 1.
711 2017 875 2099 llrlurt.
1535 2019 1626 2101 sel.

403 2151 474 2217 Dos
494 2153 621 2217 Kloster
643 2153 750 2236 Pfcrte
770 2155 917 2236 aretensi
938 2155 1094 2219 Sebalvlen
1114 2155 1220 2218 balber
1241 2156 1309 2218 dem
1331 2153 1450 2218 Plebon
1461 2153 1626 2218 Hermann

364 2243 398 2306 in
420 2241 585 2326 Hoelvdorf
601 2247 621 2306 4
642 2243 754 2325 Hersen
774 2245 843 2307 und
864 2251 883 2307 1
904 2243 976 2326 Hos
990 2245 1025 2307 in
1049 2245 1222 2308 Endeleben
1242 2245 1299 2326 fair
1324 2248 1367 2308 56
1387 2243 1496 2308 Maria.

474 2370 608 2425 Hdscba:
634 2371 679 2425 Or.
693 2371 768 2439 Perp.
795 2372 877 2439 esp,
896 2389 947 2424 rora
966 2371 1119 2426 deneardus
1138 2371 1353 2439 Konveamiepez
1370 2371 1568 2439 abpeaclvnitten
1584 2372 1626 2429 ist.

521 2451 720 2519 Wolsenbalttel,
747 2449 869 2520 Herropl.
882 2451 953 2506 Bibl.
996 2452 1048 2506 Ver
1073 2452 1200 2522 ldnperen
1222 2453 1326 2506 Janren
1348 2451 1450 2520 patriast
1473 2453 1626 2520 nvitpetbeilt
1727 2461 1728 2504 l

522 2547 572 2584 oon
592 2531 685 2584 Harrn
704 2531 838 2585 Arebircr
856 2531 908 2585 Dr.
919 2533 1122 2586 Zimmermana
1139 2531 1260 2586 daselbst.
1281 2562 1313 2570 -
1343 2531 1498 2598 Abaclrrist:
1523 2531 1625 2600 Copias.
1727 2537 1728 2542 ’

524 2610 592 2665 obl
595 2611 618 2664 V
635 2611 673 2680 (S.
686 2611 835 2680 Aupuslini
849 2614 880 2664 in
891 2612 1014 2680 Effert),
1027 2616 1061 2664 44
1074 2611 1118 2666 des
1129 2613 1327 2666 Slootsornltira
1345 2613 1376 2663 in
1386 2609 1550 2680 llapdobarp
1567 2610 1624 2679 (K).

477 2703 654 2773 Unpedrucit.

402 2827 439 2892 In
463 2830 591 2892 nomine
613 2828 742 2892 domini.
777 2827 890 2890 Amen.
932 2827 997 2890 Nos
1027 2828 1139 2890 fratres
1167 2827 1318 2890 Albertus
1344 2826 1455 2903 abbas,
1480 2825 1624 2903 Tbleode·

323 2919 420 2996 ricus]
453 2920 537 3006 prior
565 2925 715 3000 totusque
748 2926 922 2981 conventus
953 2919 1135 2981 monasterii
1167 2917 1329 2980 Portensis
1359 2916 1479 2980 ordinis
1505 2915 1624 2996 Cyster·

322 3010 438 3072 elensis
465 3008 722 3090 recognoscimus
743 3014 774 3071 et
794 3008 958 3083 omnibus,
985 3009 1041 3090 qui
1064 3013 1241 3091 presentem
1264 3006 1396 3070 litteram
1421 3006 1557 3070 viderint
1576 3003 1623 3066 vel

323 3098 494 3179 audierint,
529 3099 677 3182 cupimus
707 3117 777 3161 esse
808 3103 935 3175 notum,
976 3098 1077 3180 quod,
1114 3117 1186 3160 eum
1225 3103 1370 3160 nostrum
1399 3095 1623 3160 monasterium

322 3207 506 3271 oppressum
530 3192 614 3251 esset
630 3186 894 3250 intollerabilibus
914 3186 1064 3250 oneribus
1087 3185 1264 3250 debitorum
1285 3192 1425 3262 eatenus,
1454 3185 1537 3269 quod
1556 3183 1623 3246 abs-

323 3297 386 3359 que
412 3276 569 3342 bonorum
602 3277 803 3340 inmobilium
830 3277 1019 3340 alienatione
1049 3277 1232 3340 nullatenus
1264 3293 1430 3357 possemus
1460 3271 1499 3337 ab
1531 3273 1621 3336 huius

322 3367 406 3430 modi
430 3367 608 3431 debitorum
630 3368 781 3431 oneribus
802 3367 949 3443 relevari,
981 3366 1206 3430 deliberatione
1233 3365 1365 3448 provida
1393 3370 1423 3427 et
1445 3361 1622 3426 mentibus

321 3457 467 3539 pluribus
492 3457 679 3541 prehabitis,
710 3459 911 3540 superiorum
940 3459 1039 3519 eciam
1068 3463 1249 3520 nostrorum
1274 3457 1308 3518 in
1335 3455 1395 3518 hoc
1424 3473 1501 3517 casu
1532 3451 1621 3535 petita

322 3546 453 3610 licencia
478 3556 509 3612 et
535 3554 678 3632 optenta,
708 3555 803 3631 prout
828 3565 884 3630 per
906 3547 1025 3609 litteras
1050 3550 1192 3628 patentes
1212 3565 1308 3628 super
1329 3545 1387 3608 hoc
1409 3550 1551 3628 optentas
1569 3539 1619 3601 de·

321 3637 519 3717 claravimus,
540 3638 784 3716 considerantes,
806 3637 890 3719 quod
915 3655 973 3700 nos
994 3644 1025 3699 et
1046 3644 1190 3699 nostrum
1213 3637 1443 3700 monasterium
1465 3633 1552 3698 nulla
1571 3630 1620 3690 via

321 3726 383 3789 alia
408 3729 516 3790 minus
544 3730 656 3792 nociva
683 3747 738 3792 seu
761 3729 862 3810 magis
883 3725 953 3789 utili
975 3743 1038 3788 non
1062 3744 1227 3808 possemus
1249 3746 1267 3787 a
1288 3724 1429 3808 predicto
1451 3721 1620 3786 debitorum
1724 3799 1725 3822 Χ

321 3833 416 3879 onere
438 3816 577 3897 liberari,
598 3817 763 3882 observata
784 3817 900 3880 nichilo
923 3817 1032 3879 minus
1052 3816 1167 3896 forma,
1194 3834 1257 3897 que
1284 3822 1350 3877 tam
1382 3814 1422 3877 de
1442 3815 1510 3878 iure
1530 3827 1621 3894 quam
1724 3827 1725 3868 i

320 3905 359 3968 de
385 3908 617 3971 consuetudine
646 3909 679 3970 in
709 3907 800 3970 bonis
830 3905 1038 3969 inmobilibus
1066 3905 1242 3968 alienandis
1270 3905 1440 3967 consuevit
1460 3898 1622 3972 observari,

199 4069 202 4074 ¹
320 3998 482 4060 communi
517 4017 673 4062 consensu
710 4004 741 4061 et
772 3997 920 4059 concordi
956 3995 1117 4058 voluntate
1152 3995 1295 4058 omnium
1328 3999 1511 4056 nostrorum
1540 3992 1621 4052 iusto

320 4088 493 4169 empcionis
523 4095 555 4149 et
579 4089 774 4150 vendicionis
800 4086 901 4166 tytulo
928 4091 959 4147 et
984 4089 1147 4147 corrtractu
1175 4082 1467 4148 intervenientibus
1494 4081 1622 4144 discreto

320 4178 388 4238 viro
416 4177 544 4240 domino
565 4177 752 4241 Hermanno
773 4177 906 4261 plebano
933 4177 966 4237 in
993 4175 1158 4238 Hcobdort'
1184 4173 1371 4256 Moguntine
1400 4171 1539 4252 dyocesis
1560 4166 1624 4227 rite
1723 4211 1724 4260 3

320 4273 351 4328 et
379 4266 612 4330 racionabiliter
637 4266 840 4330 vendidimus
868 4273 898 4328 et
917 4272 1025 4328 tencre
1052 4265 1251 4348 presencium
1278 4263 1456 4326 litterarum
1483 4263 1558 4324 iusta
1589 4261 1623 4316 et

320 4355 455 4437 perfeeto
483 4359 678 4421 vendicionis
708 4356 810 4436 tytulo
836 4375 893 4418 nos
921 4355 1099 4418 vendidisse
1127 4354 1231 4416 lucide
1254 4357 1474 4435 protestamur
1493 4349 1627 4430 quatuor

322 4465 448 4510 mansos
470 4449 610 4529 proprios
632 4455 713 4509 terre
734 4445 860 4508 arabilis
882 4446 958 4508 sitos
980 4447 1011 4506 in
1035 4446 1155 4527 eampis
1175 4443 1249 4506 ville
1269 4440 1491 4522 Eyndeleybin
1514 4452 1627 4498 unam-

322 4554 384 4616 que
410 4537 530 4600 ouriam
557 4541 649 4602 sitam
677 4540 709 4600 in
737 4536 845 4598 eadem
869 4535 943 4596 villa
964 4555 1038 4597 eum
1059 4535 1170 4618 pratiS,
1193 4533 1325 4608 salictiS,
1353 4531 1477 4613 pascuis
1496 4523 1529 4588 ad
1547 4539 1626 4602 pre-
1722 4555 1723 4620 p
