3506 5148
317 381 370 441 404
686 386 915 444 Urkundenbueh
934 387 983 444 des
1000 389 1127 445 Klosters
1145 389 1249 446 Piorto.

316 537 514 618 proprietatis
534 537 744 622 predictorum
768 540 938 620 bonorum,
966 541 1050 626 quod
1076 543 1136 626 ipsi
1165 541 1332 606 nobiscum
1353 543 1529 608 secundum
1552 564 1620 629 pre-

317 627 467 712 scriptum
496 629 626 692 modum
654 637 918 714 conparaverunt,
944 639 975 695 et
1001 633 1096 695 etiam
1123 634 1175 695 ius
1195 637 1379 714 patronatus
1400 633 1530 698 ecclesie
1551 653 1620 718 pre

317 716 497 782 dinteville
525 719 563 783 de
593 722 734 804 ipsorum
763 741 922 786 consensu
949 722 1043 786 uobis
1068 729 1099 787 et
1128 730 1236 788 nostru
1263 729 1453 790 monasterio
1483 727 1621 791 totaliter

315 825 525 874 reservamus,
567 811 721 874 luditium
747 815 842 877 etiarn
871 819 936 876 tarn
964 815 1069 877 maius
1097 834 1192 896 quarn
1221 816 1331 879 minus
1355 821 1386 880 et
1407 817 1620 902 quodcunque

314 898 465 963 iuditium
492 902 525 964 in
554 902 694 984 predicta
720 903 795 966 ville
815 902 1025 967 Saxenhusen
1051 923 1107 987 per
1134 923 1236 968 unum
1258 905 1415 971 famulum
1437 929 1455 971 a
1476 908 1568 973 nobis
1590 915 1621 974 et

316 987 409 1052 dictis
427 989 626 1070 Theoderico,
646 991 788 1056 Conrado
809 998 840 1058 et
860 993 1046 1057 Hermanno
1067 995 1106 1058 ad
1127 995 1187 1058 hoc
1208 995 1393 1078 deputatum
1414 999 1622 1078 exercebitur,

317 1078 356 1141 ad
384 1080 467 1162 quod
499 1083 648 1146 iuditium
680 1103 790 1146 omnes
819 1085 929 1147 rustici
960 1085 1096 1164 predicte
1121 1085 1209 1161 ville,
1234 1087 1302 1150 sive
1331 1090 1430 1152 nostri
1457 1089 1525 1153 sire
1552 1109 1622 1172 pre-

317 1168 473 1234 dictorum
498 1171 695 1250 Theoderici,
724 1172 862 1237 Conradi
892 1178 922 1236 et
952 1173 1107 1238 Hermani
1141 1176 1343 1257 singulariter
1373 1197 1428 1241 seu
1460 1181 1560 1242 nostri
1591 1185 1623 1242 et

317 1261 458 1344 ipsorum
489 1266 702 1327 communiter
730 1264 864 1342 luerint,
898 1265 1019 1344 venire,
1050 1267 1302 1350 quotiescunque
1337 1266 1430 1332 nobis
1466 1275 1498 1332 et
1528 1269 1621 1332 dictis

315 1349 514 1429 Theoderico,
534 1352 677 1417 Conrado
699 1359 730 1417 et
749 1353 912 1418 Hermauo
942 1355 992 1418 vel
1021 1363 1129 1420 nostro
1159 1356 1290 1420 sculteto
1309 1377 1365 1422 seu
1387 1358 1513 1422 officiali
1535 1381 1622 1424 com-

317 1443 408 1505 muni
434 1442 473 1505 ad
500 1443 570 1522 hoc,
598 1449 634 1506 ut
662 1445 868 1528 premittitur,
893 1443 1041 1528 deputato
1063 1447 1169 1509 visum
1195 1447 1304 1524 fuerit,
1332 1448 1478 1530 exigente
1499 1449 1624 1514 iustitia

315 1535 490 1595 terreantur.
533 1533 653 1597 Omnes
674 1535 768 1597 eliam
788 1535 969 1598 exactiones
990 1553 1047 1599 seu
1072 1535 1158 1599 tallie
1183 1535 1250 1599 sive
1271 1555 1351 1619 pene
1378 1539 1560 1620 pecuniaria
1588 1540 1623 1602 in

316 1621 427 1685 iuditio
455 1642 511 1686 seu
542 1629 632 1686 extra
654 1618 805 1686 iuditium
830 1622 911 1686 dicte
933 1624 1006 1687 ville
1031 1627 1159 1688 rusticis
1185 1627 1329 1708 imposito
1350 1645 1407 1690 seu
1427 1627 1624 1710 imponenda

316 1711 354 1774 ad
384 1731 444 1775 nos
472 1731 527 1796 pro
557 1713 686 1776 dimidia
712 1717 744 1776 et
771 1713 810 1776 ad
838 1714 994 1796 predictos
1017 1715 1258 1792 Theodericum,
1286 1715 1466 1780 Conradum
1488 1723 1520 1782 et
1539 1717 1625 1782 Her-

316 1821 447 1864 manum
470 1803 614 1867 similiter
633 1808 721 1887 parte
741 1823 797 1886 pro
819 1803 950 1867 dimidia
969 1803 1180 1886 pertinebunt
1221 1806 1254 1870 Si
1277 1825 1350 1869 vero
1371 1825 1520 1888 processu
1542 1813 1624 1872 tem-

316 1893 401 1974 poris
431 1913 503 1956 curn
535 1894 684 1977 predictis
711 1893 918 1972 Theodosios,
948 1893 1090 1958 Conrado
1117 1899 1148 1957 et
1173 1893 1336 1959 Hermone
1366 1896 1405 1959 ad
1437 1896 1622 1962 habendum

316 1999 373 2044 seu
401 1984 601 2047 retinendum
632 2001 733 2046 unum
762 1983 932 2046 scultetum
966 1984 1011 2046 vel
1041 1984 1198 2048 famulum
1225 2003 1428 2050 communem
1449 1989 1624 2052 convenire

316 2091 373 2134 seu
394 2073 583 2136 concordare
603 2074 832 2137 interveniente
852 2073 932 2136 forte
953 2093 1029 2136 casu
1050 2074 1157 2158 aliquo
1180 2093 1244 2137 non
1268 2094 1451 2158 possemus,
1479 2077 1535 2139 sed
1563 2097 1623 2142 nos

316 2167 460 2225 nostrum
489 2169 519 2227 et
545 2165 605 2248 ipsi
631 2183 726 2227 suum
755 2163 911 2226 famulum
940 2183 995 2226 seu
1019 2163 1189 2228 scultetum
1212 2164 1327 2228 habere
1348 2163 1516 2244 vellemus,
1545 2173 1623 2231 tunc

315 2253 348 2313 in
380 2254 555 2317 exercendo
582 2254 693 2318 iuditio
720 2259 827 2318 noster
854 2253 1008 2318 scultetus
1033 2273 1090 2318 seu
1111 2254 1251 2318 famulus
1271 2255 1447 2318 iuditialem
1470 2255 1622 2320 baculum

316 2344 346 2404 irr
377 2364 474 2407 manu
501 2343 642 2420 habebit,
671 2345 723 2407 cui
749 2344 889 2408 famulus
916 2363 971 2407 seu
1003 2345 1156 2408 scultehrs
1185 2344 1399 2428 predictorum
1429 2344 1624 2425 Theoderici,

315 2431 449 2497 Conradi
472 2439 502 2498 et
522 2433 676 2498 Hermani
697 2435 732 2496 in
752 2434 864 2497 iuditio
886 2434 1049 2514 assidehIt,
1079 2436 1123 2498 ita
1150 2440 1274 2512 tamen,
1296 2435 1382 2518 quod
1402 2436 1524 2516 omnia,
1559 2457 1623 2520 que

315 2525 443 2587 nomine
464 2525 595 2588 emende
616 2544 673 2589 seu
694 2543 773 2605 pene
795 2526 976 2608 pecuniaria
997 2527 1203 2608 proveniunt,
1228 2525 1312 2588 inter
1336 2543 1408 2600 nos,
1435 2530 1472 2588 ut
1493 2529 1624 2609 premit-

314 2613 405 2689 titur,
434 2615 590 2698 equaliter
616 2614 806 2679 dividantur.
849 2613 882 2678 Si
911 2620 1018 2678 autern
1039 2614 1155 2697 aliquis
1179 2614 1217 2677 de
1238 2613 1376 2698 predicte
1398 2613 1471 2678 ville
1493 2617 1625 2679 rusticis

314 2721 370 2784 per
389 2703 504 2768 iudicis
526 2723 582 2768 seu
601 2705 745 2768 iudicum
767 2705 957 2768 sententiam
981 2705 1069 2768 visus
1090 2703 1185 2767 luerit
1205 2705 1395 2788 pregravari,
1415 2703 1454 2766 ad
1479 2712 1624 2770 nostram

315 2793 364 2855 vel
394 2795 605 2876 predictorum
635 2793 832 2872 Theoderici,
870 2794 1007 2857 Conradi
1037 2800 1067 2857 et
1097 2793 1251 2858 Hermaui
1281 2794 1468 2878 peticionem
1500 2793 1626 2879 absque

315 2882 378 2946 doli
401 2885 639 2968 interpositione
659 2885 773 2948 factam
796 2905 853 2948 seu
873 2884 1061 2948 faciendami
1084 2884 1176 2947 debet
1197 2885 1266 2967 ipsa
1287 2885 1456 2961 sententia,
1477 2885 1546 2948 sive
1568 2905 1627 2969 per

314 2992 515 3038 communem
554 2975 692 3038 iudicem
728 2975 795 3038 sive
834 2994 889 3057 per
924 2974 1101 3056 singulares
1137 2973 1258 3037 iudices
1294 2973 1391 3037 simul
1424 2972 1487 3036 lata
1517 2973 1625 3054 luerit,

315 3064 453 3144 mitigari
481 3083 553 3142 seu,
585 3066 610 3127 si
641 3063 732 3128 nobis
759 3063 808 3127 vel
836 3065 913 3148 ipsis
935 3063 1108 3144 ridebitur,
1137 3062 1272 3126 totaliter
1292 3063 1434 3126 relaxari.
1477 3061 1627 3127 Predicta

314 3153 412 3234 igitur
438 3155 546 3218 omnia
575 3161 639 3217 tam
656 3153 750 3238 ¹bona
778 3173 874 3237 quam
904 3155 974 3217 iura
997 3155 1088 3216 iuxta
1114 3153 1244 3216 modum
1270 3157 1302 3216 et
1328 3153 1461 3215 formem
1489 3173 1526 3216 ac
1548 3173 1627 3216 con·

315 3244 449 3307 ditiones
477 3265 573 3328 supra
605 3246 720 3329 scripta
748 3243 956 3322 Theodericc,
982 3242 1125 3306 Conrado
1155 3248 1187 3306 et
1215 3241 1377 3307 Hermann
1407 3243 1557 3325 predictis
1590 3245 1625 3306 in

314 3333 446 3397 feudum
468 3335 663 3398 contulimus
684 3339 715 3398 et
736 3335 785 3398 his
808 3335 932 3417 scriptis
955 3333 1148 3396 conferimus
1169 3335 1239 3396 iure
1260 3332 1448 3396 hereditario
1470 3339 1627 3418 perpetuo

314 3424 513 3506 possidenda.
565 3425 606 3488 llt
636 3443 677 3488 ne
708 3444 805 3508 super
835 3424 997 3507 premissis
1028 3442 1086 3488 seu
1117 3443 1227 3486 eorum
1257 3423 1364 3508 ahquo
1396 3423 1565 3487 internos
1595 3431 1629 3486 et

313 3512 549 3596 Theodericum,
571 3515 751 3579 Conradum
774 3519 804 3578 et
824 3515 1024 3579 Hermanum
1045 3513 1201 3597 predictos
1223 3532 1280 3577 seu
1301 3513 1385 3577 iuter
1404 3518 1530 3577 nostros
1550 3533 1629 3577 suc·

315 3623 454 3668 cessores
487 3610 517 3670 et
546 3608 689 3690 ipsorum
719 3604 850 3669 heredes
881 3603 1000 3688 possit*
1027 3602 1133 3686 aliqua
1160 3602 1304 3666 dubietas
1331 3601 1383 3666 vel
1410 3602 1629 3668 altercationis

316 3713 372 3758 seu
394 3694 614 3760 dissensionis¹
637 3696 767 3759 materia
787 3697 821 3757 in
843 3698 1004 3777 posterum
1026 3693 1173 3773 suboriri,
1194 3697 1371 3777 presentem
1393 3691 1531 3756 litteram
1547 3693 1630 3758 inde

316 3785 487 3848 confectam
510 3791 617 3850 nostro
638 3791 668 3849 et
688 3784 900 3869 predictorum
922 3781 1113 3862 Theoderici,
1134 3782 1268 3848 Conradi
1290 3781 1489 3847 etHermani
1510 3783 1630 3866 sigillis

315 3876 495 3958 consignari
524 3877 657 3940 lecimus
683 3877 715 3938 in
736 3875 958 3946 {testimouium
985 3873 1219 3958 premissorum.
1260 3871 1301 3937 Et
1321 3893 1381 3937 nos
1400 3871 1630 3954 Theodericus,

317 3964 481 4030 Corradus
502 3974 533 4030 et
553 3967 737 4030 Hermanus
766 3965 896 4050 predicti
926 3963 965 4027 ad
993 3965 1236 4048 exprimendum
1263 3969 1408 4028 nostrum
1429 3981 1630 4028 consensum

316 4055 478 4138 premissis
506 4056 656 4120 omnihus
683 4055 852 4120 accessisse
881 4061 1027 4118 nostrum
1049 4053 1203 4136 sigillum,
1231 4073 1294 4137 quo
1320 4072 1432 4116 omnes
1461 4057 1631 4118 contenta-

317 4165 403 4223 mur,
433 4147 568 4230 appendi
599 4145 732 4210 fecimus
764 4147 839 4209 huic
870 4145 993 4228 scripto.
1041 4142 1159 4207 Datum
1186 4164 1271 4207 anno
1302 4143 1423 4207 domini
1453 4141 1632 4208 millesimo

316 4243 534 4314 CCC⁰XXVH,
566 4245 623 4300 XII
644 4235 795 4299 kalendas
822 4234 974 4298 Octobris.
1022 4232 1129 4297 Testes
1156 4235 1253 4298 huius
1282 4235 1328 4296 rei
1360 4239 1436 4296 suut
1465 4231 1632 4298 lohannes

316 4323 500 4404 Hennidir,
520 4325 649 4388 Vlricus
670 4326 709 4389 de
729 4323 947 4402 Lichtenhain,
967 4322 1126 4386 Iohannes
1148 4323 1186 4386 de
1207 4321 1334 4388 Harstal
1355 4321 1633 4388 etHcinmannns

318 4413 471 4478 scultetus
492 4416 530 4479 de
550 4413 753 4492 Lutenmau,
779 4415 874 4478 irater
895 4413 1055 4478 Hearicus
1077 4413 1115 4475 de
1136 4411 1312 4478 Wizelebiu
1342 4417 1373 4475 et
1399 4412 1493 4475 irater
1513 4409 1632 4480 Fride-
1730 4493 1731 4503 χ

317 4505 403 4566 ricus
425 4504 463 4570 de
485 4503 650 4570 Wissenze
673 4503 819 4569 monachi
841 4505 875 4566 in
898 4503 1009 4568 Porta⁰
1035 4508 1065 4566 et
1085 4501 1191 4588 plures
1212 4503 1265 4566 alii
1284 4501 1347 4566 fide
1367 4501 1463 4588 digni.
