3506 5148
597 421 646 477 Nr.
658 423 805 478 551-552.
826 423 1008 480 reue-1334.
1401 427 1451 482 507

187 595 247 640 von
267 575 373 638 diesen
393 573 561 636 wiederum
583 571 918 654 eiuipeNaumburpcr
928 573 1056 656 Bitrpcr
1076 574 1194 640 beldet
1212 595 1349 658 pcwesen
1368 578 1452 655 sind,

181 665 292 744 judoch
307 665 366 729 mit
380 662 542 728 Vorbebult
558 664 615 726 der
629 662 733 744 Voptei
746 663 816 727 med
828 663 1097 729 Gerichtsburlceit.
1136 663 1201 747 Vpl.
1214 663 1274 731 Nr.
1290 669 1362 732 547.
1378 671 1452 734 548.

296 800 431 856 Educta:
450 799 527 857 1¹60.
560 798 589 853 D
601 802 637 853 68
656 802 709 867 (cu.
720 798 902 868 Aldenbork).

298 893 411 947 Druck:
430 890 565 946 Deutecb:
588 890 674 959 Wolff
683 891 724 959 ΙΙ,
744 895 802 946 436.

229 1028 268 1092 In
287 1027 416 1090 nomine
442 1027 573 1092 domini.
609 1027 723 1090 Amen.
771 1024 943 1090 Heinrious
974 1026 1023 1090 dei
1054 1029 1160 1110 gracia
1192 1027 1454 1113 Nuenburgensis

147 1120 277 1186 ecclesie
291 1119 456 1200 episcopus
470 1115 620 1180 omnibus
634 1117 876 1200 imperpetuum.
908 1116 967 1180 Illa
987 1122 1096 1182 nostre
1108 1117 1279 1182 cottidiana
1294 1121 1453 1186 instancia

151 1216 182 1274 et
211 1208 387 1272 sollicitudo
419 1206 622 1270 eeclesiarum
652 1206 819 1290 vigilanter
849 1207 963 1289 satagit
987 1211 1019 1270 et
1043 1206 1194 1288 intendit,
1225 1217 1261 1272 ut
1289 1209 1366 1292 hiis,
1398 1214 1454 1296 qui

149 1299 242 1362 nobis
270 1297 339 1380 lege
365 1297 532 1360 diocesana
560 1295 690 1360 subesse
718 1302 908 1377 noscuntur,
935 1300 966 1358 et
993 1296 1148 1378 religiosis
1169 1300 1316 1382 precipue
1339 1303 1454 1384 quietis

150 1388 317 1453 commoda
338 1403 550 1470 preparemus,
572 1387 605 1448 in
627 1405 763 1469 quorum
784 1387 895 1469 utique
917 1386 1023 1469 quiete
1044 1386 1239 1469 quiescimus
1262 1395 1293 1452 et
1310 1390 1456 1455 fovemur

145 1483 180 1543 in
209 1497 292 1561 paee.
340 1474 477 1539 Proinde
505 1475 566 1539 hiis
594 1475 707 1539 litteris
732 1473 857 1559 publice
884 1477 1141 1560 recognoscimus
1172 1479 1316 1542 omnium
1339 1479 1454 1544 Christi

148 1567 292 1632 fidelium
319 1566 518 1649 presencium
546 1571 577 1628 et
602 1565 783 1629 futurorum
813 1567 931 1648 notieie
952 1567 1052 1650 ingeri
1075 1568 1252 1650 cupientes,
1281 1570 1366 1652 quod
1386 1571 1455 1635 reli-

147 1661 247 1744 glosis
278 1658 354 1719 viris
387 1658 420 1719 in
452 1654 575 1718 Christo
602 1654 695 1720 nobis
723 1656 845 1720 dilectis
876 1655 982 1720 abbati
1012 1663 1044 1720 et
1072 1659 1244 1722 conventui
1271 1663 1456 1724 monasterii

84 1768 85 1771 ’
151 1748 313 1813 Portensis
334 1745 552 1810 Gisterciensis
571 1745 690 1809 ordinis
711 1751 818 1810 nostre
839 1746 972 1811 diocesis
1000 1747 1039 1810 de
1058 1745 1156 1809 libera
1172 1747 1334 1812 voluntate
1356 1752 1456 1814 nostri

149 1837 281 1923 capituli
301 1843 333 1901 et
352 1853 510 1900 consensu
533 1835 692 1916 dedimus,
717 1837 908 1900 donavimus
935 1843 966 1900 et
987 1836 1176 1900 tradidimus
1198 1858 1234 1901 ec
1254 1839 1457 1922 presentibus

149 1930 274 2005 dumne,
295 1927 451 1990 donamus
472 1931 502 1988 et
523 1926 677 1989 tradimus
698 1927 918 2009 proprietatem
940 1945 1084 1990 arearum
1110 1931 1142 1990 et
1160 1933 1301 1994 ortorum
1323 1933 1454 1994 sitarum

153 2025 184 2082 et
206 2018 338 2080 sitorum
360 2015 392 2077 in
416 2015 491 2078 villa
505 2014 701 2098 Aldenburg,
722 2015 840 2099 quibus
863 2016 985 2081 nobiles
1007 2017 1065 2079 viri
1087 2015 1249 2100 burgrevii
1273 2019 1311 2083 de
1333 2020 1455 2086 blisena

150 2107 301 2172 infeodati
327 2126 346 2169 a
373 2104 464 2168 nobis
490 2105 644 2168 hactenus
673 2107 863 2170 exstiterunt
892 2113 923 2170 et
950 2127 968 2169 e
996 2105 1114 2189 quibus
1135 2108 1270 2173 ulterius
1292 2109 1456 2175 Comedus

150 2200 255 2263 dictus
286 2195 325 2259 de
357 2193 495 2259 Medele⁸
526 2200 556 2258 et
586 2196 635 2258 sui
667 2196 847 2275 coheredes,
877 2195 992 2260 Petrus
1018 2195 1121 2260 dictus
1148 2197 1186 2261 de
1207 2197 1394 2264 Wissenlels
1426 2209 1456 2264 et

150 2286 319 2353 coheredes
352 2286 466 2368 ipsine,
502 2283 661 2348 lohannes
689 2285 793 2349 dietus
821 2287 920 2350 Grose
947 2292 978 2350 et
1009 2337 1046 2348 ..
1078 2286 1181 2351 dictus
1212 2288 1455 2354 Holi'emeisterb

150 2381 238 2442 cives
267 2377 366 2441 nestri
392 2377 426 2438 in
451 2375 630 2458 Noenburg
658 2395 747 2456 areas
775 2380 806 2440 et
829 2377 937 2440 hortos
964 2377 1168 2441 huiusmodi
1192 2380 1342 2443 inleudo
1365 2386 1456 2445 tenu·

151 2472 260 2547 erunt,
297 2466 519 2530 transferentes
552 2466 771 2548 proprietatem
809 2467 963 2530 dictarum
998 2487 1143 2531 arearum
1181 2474 1211 2532 et
1244 2476 1385 2534 ortorum
1422 2472 1456 2534 in

150 2559 311 2636 abbatem,
340 2561 533 2620 conventum
562 2561 593 2619 et
614 2558 841 2620 monesterium
864 2556 999 2640 prefatos
1021 2557 1059 2620 de
1081 2577 1239 2623 consensu
1261 2559 1334 2622 dicti
1358 2563 1458 2624 nostri

150 2647 295 2734 oepittuli
316 2648 407 2730 pleno
426 2647 513 2727 iure,
542 2647 709 2710 advocacie
729 2652 836 2710 temen
857 2651 889 2710 et
911 2645 1035 2711 iuribus
1056 2647 1095 2710 ad
1118 2648 1202 2712 illam
1225 2651 1458 2733 pertinentibus

150 2759 210 2804 nec
240 2757 303 2802 non
330 2735 547 2800 iurisdictione
575 2737 756 2820 temporali,
786 2744 850 2801 tam
871 2737 949 2801 reali
975 2757 1071 2820 quem
1103 2739 1273 2820 personali,
1303 2759 1458 2821 erearum,

151 2837 295 2895 ortorum
323 2827 535 2912 predictorum
565 2833 596 2890 et
621 2828 799 2891 incolarum
826 2828 999 2892 eorundem
1021 2826 1130 2909 nobis,
1157 2829 1307 2912 capittulo
1328 2832 1458 2896 ecclesie

151 2927 259 2994 nostre
285 2924 316 2982 et
343 2917 427 2997 eliis,
456 2915 574 3000 quibus
602 2919 733 2981 nomine
754 2917 828 2981 dicti
849 2917 991 3002 cepittuli
1011 2919 1063 2982 ius
1082 2919 1115 2980 in
1138 2917 1220 2982 dicte
1241 2919 1408 2983 advocacie
1428 2927 1459 2986 et

152 3011 371 3076 iurisdictione
403 3008 567 3091 competit,
596 3007 773 3091 specialiter
801 3009 977 3072 reservatis.
1029 3006 1071 3070 ut
1102 3012 1138 3071 ut
1168 3009 1321 3091 premisse
1352 3017 1459 3074 nostre

154 3102 354 3188 proprietatis
376 3099 507 3164 donacio
529 3097 627 3162 robur
645 3099 786 3162 obtineat
806 3097 964 3163 firmitatis
985 3118 1044 3162 nec
1064 3097 1104 3160 ab
1119 3097 1183 3162 ullo
1198 3100 1297 3181 possit
1311 3099 1459 3185 deinceps

151 3192 349 3276 impugnari,
377 3191 459 3252 hanc
484 3188 619 3252 litteram
648 3188 775 3272 prefatis
803 3186 910 3251 abbati
931 3193 961 3252 et
981 3189 1153 3252 conventui
1175 3188 1320 3252 dedimus
1340 3190 1460 3273 sigillis

149 3284 275 3348 noster
295 3281 441 3344 videlicet
461 3285 492 3344 et
512 3278 668 3363 capittuli,
694 3279 726 3341 in
754 3276 885 3341 evidens
911 3280 1128 3342 testimonium
1151 3280 1375 3360 consignatam.
1418 3279 1460 3343 Et

151 3394 213 3438 nos
242 3371 411 3434 Emfn'dus
438 3370 493 3434 dei
518 3371 625 3454 grecie
649 3370 841 3453 prepositus,
873 3367 1001 3431 Vlricus
1036 3368 1176 3432 decenus
1211 3375 1242 3432 et
1271 3370 1459 3453 capittulum

149 3465 284 3529 ecclesie
294 3459 557 3546 Nuenburgensis
579 3459 685 3522 habito
706 3478 803 3542 super
824 3459 988 3542 premissis
1008 3460 1151 3542 diligenti
1172 3463 1306 3522 tractatu
1319 3460 1458 3544 predicte

148 3555 320 3618 donacioni
341 3552 557 3636 proprietatisl
578 3550 799 3613 consensimus
825 3554 855 3612 et
885 3551 1119 3629 consentimus,
1150 3549 1289 3632 sigillum
1311 3554 1457 3613 nostrum

148 3646 229 3709 huie
250 3643 351 3706 littere
371 3641 592 3726 appendentes
634 3637 752 3704 Datum
774 3658 858 3702 enno
879 3639 1324 3715 numerumnunerum,
1351 3641 1384 3702 in
1408 3639 1458 3704 die

146 3735 235 3798 beati
258 3732 343 3796 Petri
365 3731 403 3794 ed
425 3731 561 3795 vinceda.
602 3729 710 3794 Testes
731 3733 807 3793 sunt
827 3729 1029 3794 honorabiles
1048 3731 1108 3792 viri
1129 3729 1249 3792 domini
1270 3726 1460 3794 Wirnherus

145 3827 307 3903 decanus,
338 3822 502 3886 Conredus
534 3820 734 3899 scolasticus,
764 3819 943 3882 Fridericus
972 3819 1010 3882 de
1042 3817 1257 3904 Magdeburglr
1288 3821 1460 3883 canonicus

143 3914 283 3980 ecclesie
305 3913 470 3994 Cyoensis,
501 3911 685 3975 Hermanus
714 3910 753 3974 de
772 3907 946 3973 Drutsohin
979 3915 1010 3974 et
1039 3907 1228 3972 Ludewicus
1257 3907 1295 3971 de
1323 3907 1460 3972 Silawitz

144 4005 271 4070 milites
292 4005 392 4067 nostri
414 4007 444 4066 et
465 4021 562 4086 quam
583 4001 691 4085 plures
711 4001 764 4063 elii
785 3999 848 4063 fide
868 3999 964 4084 digni.

223 4147 236 4176 ⁸
254 4145 383 4218 magdola
399 4146 429 4201 D
535 4135 656 4202 ''Groze
674 4151 704 4200 et
720 4142 813 4199 dictus
831 4141 1011 4197 houemeistir
1028 4142 1058 4196 D
1157 4141 1287 4197 ⁰n0etris
1304 4142 1355 4197 aad
1371 4147 1462 4210 spdter

140 4229 320 4300 &seuero
337 4226 395 4282 ar
463 4217 672 4298 “proprietatis
689 4225 756 4292 fetu
774 4223 804 4277 D
880 4223 891 4252 ⁰
908 4223 1190 4290 n⁰occ⁰xxx1111,
1214 4221 1262 4277 der
1280 4221 1353 4278 lerze
1369 4221 1461 4277 suet

141 4338 185 4356 .-
207 4309 257 4364 mu
274 4309 374 4362 eune
394 4308 472 4364 uae
493 4339 523 4348 -
542 4313 595 4361 ea
613 4305 800 4374 aecneaque
818 4304 972 4373 aucune
993 4303 1017 4357 r
