3402 5152
527 401 734 464 aaronita.
756 403 937 464 laos-1310.
1335 402 1386 462 407

58 567 61 574 ’
162 558 382 638 Hermannus,
410 559 592 624 Meinherus
613 563 644 622 et
665 558 802 622 hibero·
828 559 941 622 fratres
967 557 1017 620 dei
1037 557 1144 640 gracia
1165 555 1327 640 burgrarii
1349 557 1388 620 de

86 651 186 715 Misna
210 650 449 715 honorabilibus
475 651 553 712 viris
578 649 726 712 fidelibus
749 650 818 712 suis
842 649 968 713 civibus
993 650 1025 710 in
1054 646 1233 730 Nuenburg
1253 648 1387 711 salutem

84 763 155 804 cum
177 741 260 806 bone
279 743 452 807 voluntatis
474 741 597 804 awffeotu.
635 739 842 804 Honestatem
865 746 1002 802 vestram
1024 758 1173 822 rogamus
1187 739 1299 802 intimo
1313 757 1387 802 cum

84 832 204 910 affectu,
225 838 384 916 quatenus
405 832 569 915 religiosos
591 832 676 892 viros
697 830 862 892 dominnm
885 829 1030 893 abbatem
1054 833 1085 892 et
1099 827 1389 892 fratresPortenses

84 923 174 985 nohis
196 923 327 986 dilectos
350 925 403 986 inb
426 923 527 1000 bonis,
549 940 611 1003 que
632 921 757 1004 perpie
779 921 930 984 memorie
951 925 1070 1003 patrem
1086 925 1230 982 nostrum
1245 919 1386 982 etcciam

85 1032 137 1095 per
159 1031 218 1075 nos
239 1015 285 1075 eis
306 1013 419 1077 collata
439 1018 531 1092 sunt,
560 1011 644 1094 quod
670 1011 891 1074 instrumentis
920 1009 1071 1093 publicis,
1096 1027 1169 1072 cum
1195 1013 1388 1091 oportunum

84 1103 191 1180 luerit,
222 1103 387 1166 ostendere
417 1106 577 1185 poterunt,
608 1119 673 1162 nou
705 1099 884 1182 impediatis
915 1118 974 1162 nec
1005 1101 1037 1161 in
1073 1097 1180 1180 aliquo
1207 1100 1388 1164 molestatio.

85 1191 251 1255 Veracium
282 1195 367 1256 enim
398 1193 497 1256 relatu
526 1192 695 1255 didicimus
720 1209 779 1253 vos
804 1209 902 1272 super
921 1187 1094 1269 beneficiis,
1122 1209 1185 1272 que
1206 1191 1283 1274 ipsis
1304 1191 1389 1254 fideli

83 1283 255 1346 devocione
273 1303 330 1366 pro
352 1285 538 1346 remissione
559 1289 739 1344 nostrornm
761 1281 981 1364 peccaminum
1002 1281 1209 1362 prestitimus,
1229 1281 1389 1362 indignari

82 1373 222 1452 gmviter
249 1393 284 1436 ac
307 1384 416 1436 contra
444 1391 498 1436 eos
525 1372 706 1452 malignari,
735 1370 820 1452 quod
848 1370 887 1433 de
908 1369 1013 1446 vobis,
1040 1389 1112 1432 cum
1141 1372 1201 1434 riri
1228 1373 1314 1434 sitisc
1340 1373 1390 1434 iu·

83 1463 226 1542 dustriit,
260 1483 461 1546 nequaquam
500 1462 673 1545 accipimus
710 1480 766 1544 pro
805 1461 951 1542 gratanti.
1006 1457 1124 1524 Datum
1163 1459 1265 1524 Misne
1305 1483 1389 1526 anno

83 1553 204 1616 domini
227 1561 402 1632 MCClet,
421 1553 496 1616 1111ῐ
515 1571 616 1616 nonas
638 1550 838 1615 Novembris.

153 1664 317 1720 ³Albertns
339 1667 365 1720 T
432 1657 514 1720 binn
537 1668 563 1720 Τ
630 1667 839 1722 csilisririD
909 1658 1110 1722 dindustriT
1159 1669 1395 1724 ⁰hl⁰cc⁰xlT

79 1741 155 1802 fnu
177 1763 231 1800 anu
248 1755 273 1800 11
291 1747 472 1802 rubeam

610 1857 849 1866 nunu—m...-

79 1910 198 1992 1310.
226 1909 422 1991 hebrum·
440 1911 503 1993 18.
1295 1914 1389 1995 434.

170 2045 277 2112 Uli-len
308 2046 448 2128 Bischof
472 2065 531 2109 con
562 2043 752 2125 Noumhaup
788 2045 929 2125 bestdlipt
959 2051 1053 2110 natu
1083 2047 1306 2129 Zuslimmuny
1339 2050 1393 2112 des

119 2135 338 2216 Donrhopt'tels
359 2137 427 2199 mne
444 2135 681 2216 Vertauschrmp
702 2155 761 2197 con
771 2134 985 2216 Besitaunpen
1007 2137 1061 2199 des
1083 2136 1322 2202 Thesaurarius
1339 2139 1393 2202 des

119 2225 348 2306 Nuarmbarpcr
360 2223 534 2306 Hochslists
554 2227 589 2288 in
605 2223 799 2288 Touscbtoita
822 2226 892 2288 ond
905 2227 1166 2306 eutsprecbcnden
1177 2229 1392 2310 Basilaunpcn

117 2317 175 2380 des
196 2317 339 2380 Kloslcrs
361 2315 469 2396 Pforte
489 2315 524 2378 in
542 2315 676 2380 Wcthau
696 2315 766 2378 ond
789 2315 925 2380 Lescbeu
944 2317 1100 2401 [LoisoM.

234 2433 368 2490 Haecin.-
398 2437 443 2490 Or.
460 2435 535 2504 Perp.
556 2434 588 2488 iu
614 2433 750 2502 dopprlter
773 2433 983 2504 Arasfcrtipunp,
1011 2438 1038 2503 1)
1063 2437 1113 2491 anit
1133 2437 1324 2507 Zautimmnap
1346 2437 1392 2491 des

282 2515 480 2583 Domrapireh,
504 2513 583 2582 asp.
602 2531 641 2566 on
665 2514 759 2566 rothen
776 2513 899 2568 seideraen
917 2514 1058 2570 Schnalrca
1076 2517 1132 2586 (Dr
1142 2521 1179 2585 1),
1202 2523 1231 2586 2)
1250 2521 1319 2575 ohne
1337 2518 1391 2570 Zu-

281 2596 429 2664 stimnump
446 2595 492 2648 des
510 2593 706 2662 Domkopitcls,
725 2598 741 2646 1
751 2594 797 2661 Sp.
817 2612 855 2647 an
873 2595 989 2648 leinem
1004 2596 1111 2650 Selinur
1128 2597 1231 2668 (Dr2).
1268 2599 1391 2658 Drasdea

282 2675 319 2728 H.
330 2675 368 2730 St.
381 2676 414 2729 A.
428 2677 480 2730 Nr.
492 2677 567 2728 1898.
583 2703 615 2714 ·-
627 2674 767 2742 Ahaclru'st
777 2691 827 2728 tun
841 2675 885 2728 Dr
895 2679 926 2729 1:
948 2675 1021 2740 Tar,
1042 2694 1092 2730 ron
1110 2677 1196 2732 Dr2:
1215 2679 1295 2742 Dos,
1318 2685 1390 2740 Y27,

233 2767 344 2822 Druck:
362 2769 498 2824 Durtsclr:
519 2767 602 2835 Wolff
609 2767 722 2834 lasso,
748 2766 802 2836 Vpl.
815 2768 963 2834 Perturch
974 2773 1033 2822 126.
1052 2769 1390 2844 Berricen-Serranulnal.

165 2887 178 2966 ΙΙ
204 2884 241 2948 In
273 2886 403 2949 nomine
428 2885 558 2949 domini.
595 2884 708 2946 Anien.
733 2881 746 2964 ΙΙ
782 2883 910 2948 Ulricns
938 2885 1046 2950 divina
1073 2886 1199 2975 favento
1225 2889 1393 2955 clementia

68 2975 348 3058 Nnenhurgensis
375 2976 506 3040 ecclesie
532 2975 699 3057 episcopus
727 2973 877 3038 omnihus
905 2973 1019 3038 Christi
1047 2975 1194 3040 fidelihus
1221 2979 1255 3042 in
1285 3000 1391 3064 perpe-

64 3075 184 3131 tuum.
226 3065 462 3130 Providendum
494 3065 585 3128 nobis
614 3064 756 3128 sollerter
781 3083 850 3128 esse
870 3067 1107 3146 cognoscimus,
1133 3073 1170 3130 ut
1191 3087 1243 3148 ea,
1270 3073 1392 3152 quade

65 3156 339 3241 possessionibus
367 3157 571 3222 ecclesiarum
601 3159 706 3218 nostre
735 3155 880 3235 dyocesis
905 3175 960 3238 per
990 3161 1139 3219 mutuum
1170 3161 1391 3225 concambium

60 3249 133 3312 sub
161 3248 350 3311 arroteritate
371 3253 479 3311 nostra
500 3245 727 3310 rationabiliter
748 3251 817 3309 acha
837 3251 869 3310 et
886 3245 1029 3310 ordinata
1046 3247 1173 3328 fuerint,
1194 3249 1249 3312 tali
1264 3249 1392 3316 firmen-

59 3347 122 3402 tur
154 3335 284 3410 robore,
316 3356 356 3400 ne
386 3338 494 3421 aliqua
526 3337 606 3400 forte
635 3342 794 3419 postorum
825 3337 1001 3400 temeritate
1030 3343 1239 3402 retractentur
1268 3342 1316 3404 vel
1344 3345 1393 3404 in-

56 3429 271 3510 fringantur.
313 3425 433 3490 Idcirco
456 3433 519 3491 tarn
541 3425 742 3510 presentibus
767 3447 861 3510 quam
884 3427 1001 3490 futuris
1023 3435 1135 3492 notum
1157 3431 1393 3496 essevolumus

58 3517 253 3598 universis,
275 3535 349 3582 cum
371 3519 410 3582 ad
432 3539 490 3582 uos
512 3515 688 3601 specialiter
709 3524 827 3600 spectet
847 3517 1113 3604 Nnenhurgensis
1135 3522 1279 3586 custodie
1300 3523 1393 3587 colla-

53 3613 118 3689 tio,
147 3608 241 3691 quod
264 3608 303 3670 de
323 3615 431 3673 nostro
454 3608 659 3692 beneplacita
678 3627 836 3672 consensu
858 3615 889 3672 et
909 3628 1059 3693 expressa
1080 3611 1243 3674 voluntate
1264 3632 1394 3677 venera·

53 3702 144 3764 bilis
189 3699 238 3760 vir
263 3697 452 3763 lireniridus
485 3701 659 3762 canonicus
685 3706 715 3762 et
743 3696 959 3762 thesaurarius
990 3700 1121 3764 ecclesie
1151 3707 1256 3766 nostre
1288 3702 1393 3767 Nnen-

51 3789 251 3873 hurgensis
280 3789 363 3852 bona
393 3811 452 3853 sua
478 3791 601 3867 omnia,
628 3807 690 3872 que
717 3788 850 3853 hahebat
876 3793 908 3852 in
939 3810 1018 3874 pago
1042 3792 1115 3854 villo
1135 3791 1288 3870 Tuswim,
1317 3816 1392 3876 qne

48 3898 222 3963 cumque
252 3881 330 3958 sint,
362 3899 425 3964 que
456 3881 494 3944 ad
526 3881 703 3944 custodiam
732 3879 999 3962 Nnenhurgensis
1031 3881 1161 3944 ecclesie
1186 3884 1394 3968 pertinebant,

45 3979 182 4059 preter
213 3989 312 4032 unam
344 3969 443 4032 solam
475 3989 597 4048 areum,
639 3990 702 4053 que
733 3970 886 4034 allodium
917 3977 1062 4053 vocatur,
1100 3980 1132 4036 et
1166 3973 1246 4038 duas
1284 3976 1394 4040 vineas

45 4078 214 4146 magnas
233 4059 363 4122 domiuo
383 4059 522 4122 Henrico
543 4059 648 4123 abbati
670 4067 700 4123 et
721 4062 893 4124 conventui
917 4062 956 4124 de
975 4061 1070 4126 Porta
1097 4082 1152 4145 per
1173 4065 1303 4127 modurn
1325 4085 1394 4148 per-

42 4150 268 4220 mutationis
288 4150 416 4213 tradidit
437 4149 549 4224 libere,
575 4151 722 4214 videlicet
750 4150 901 4215 allodium
924 4172 1020 4216 suum
1042 4159 1073 4216 et
1093 4152 1177 4217 bona
1198 4174 1257 4217 sua
1276 4159 1394 4234 omnia,
1453 4167 1455 4172 ‘

42 4265 121 4330 que
163 4240 214 4304 ad
245 4241 351 4324 ipsum
380 4241 531 4304 allodium
562 4241 778 4324 pertinebant,
808 4243 928 4305 scilicet
953 4263 1045 4326 agros
1073 4243 1176 4306 cultos
1206 4251 1237 4307 et
1257 4247 1394 4309 incultos

40 4334 247 4418 sexaginta
278 4337 310 4394 et
342 4351 473 4412 novem,
503 4334 578 4395 item
612 4337 674 4396 tros
708 4333 816 4395 vineas
842 4353 955 4416 parvus
983 4341 1015 4397 et
1042 4340 1161 4418 partem
1193 4336 1272 4398 silve
1298 4357 1394 4420 prope

40 4429 183 4492 villam
214 4419 317 4484 Lasan
347 4425 561 4486 continentem
588 4423 717 4504 triginta
742 4427 772 4484 et
799 4429 919 4504 septem
946 4423 1056 4505 iugera
1078 4424 1258 4504 novalium,
1284 4427 1314 4488 id
1340 4433 1395 4506 est,

40 4538 119 4606 que
154 4511 348 4577 rodakhere
378 4513 585 4596 appellantur.
628 4511 689 4574 Pro
711 4512 772 4574 hiis
793 4514 891 4594 igitur
913 4511 1004 4576 bonis
1027 4514 1177 4578 omnibus
1199 4515 1394 4580 thesaurario

40 4615 184 4676 nostro
217 4651 246 4665 ..
270 4601 367 4666 abbas
387 4601 549 4667 Portensis
578 4603 639 4665 alia
667 4603 750 4664 hona
778 4603 908 4666 ecclesie
932 4623 991 4666 suo
1019 4607 1157 4688 propria,
1184 4611 1244 4668 sita
1264 4607 1297 4668 in
1322 4607 1396 4669 villa

1141 4705 1195 4762 27*

862 4905 873 4955 l
